3086 5152
663 289 877 354 ..11-

101 476 294 544 obvertatur
337 479 506 564 quisquam
545 475 631 541 haud
671 479 767 542 facile
814 477 1061 562 grammaticum
1101 478 1290 563 posterioris
1328 480 1446 544 astatis

102 583 276 674 τριβώνιον
300 591 489 675 ceteroquin
512 590 553 655 de
568 592 716 656 virilibus
736 596 863 656 tantum
883 591 1024 654 himatiis
1040 596 1233 674 usurpatum
1250 591 1302 653 hic
1319 589 1446 654 adhibi-

104 706 214 767 rurum
229 701 341 782 fuisse,
363 703 476 788 relego
494 708 528 766 te
542 703 584 766 ad
602 701 788 788 Etymologi
801 701 943 767 Gudiani
958 702 1047 766 vocis
1063 702 1151 765 illius
1167 703 1448 787 explicationem.¹

105 811 202 876 Hanc
226 813 281 897 qui
305 814 450 878 scribere
474 819 612 900 poterat,
637 819 726 878 certe
749 835 815 878 non
838 813 1009 878 dubitabat
1031 807 1203 899 τριβώνιον
1225 835 1306 880 voce
1329 815 1447 880 mulie-

105 925 164 989 bre
195 945 323 1008 quoque
357 925 515 988 himation
545 925 740 1010 significare.
786 925 847 990 Elst
879 931 988 990 autem
1018 926 1093 990 idea
1123 926 1447 990 veridissimillimum

105 1029 278 1122 τριβώνιον
301 1037 478 1121 genuinam
500 1037 676 1102 lectionem
700 1058 785 1114 esse,
809 1039 885 1122 quia
901 1043 1050 1102 correcta
1071 1039 1131 1104 hac
1148 1059 1227 1102 voce
1252 1038 1285 1100 in
1301 1032 1450 1118 χιτώνιον

105 1148 139 1212 in
168 1149 239 1234 ipsc
267 1149 324 1212 illo
354 1167 450 1214 versu
478 1147 653 1212 difficultas
677 1149 860 1228 oriebatur,
891 1149 923 1212 in
954 1170 1018 1233 qua
1046 1150 1100 1214 vel
1130 1171 1248 1214 caecus
1279 1148 1447 1213 offendere

106 1259 264 1324 debebat:
289 1251 429 1341 ἀμπέχει
444 1253 602 1340 χιτώνιον.
641 1260 744 1324 Immo
762 1251 902 1342 ἀμπέχει
917 1255 1067 1340 χιτώνιον
1082 1261 1239 1347 seriptum
1258 1265 1337 1340 erat,
1362 1259 1449 1344 quod

107 1391 182 1434 cum
224 1391 290 1433 non
334 1369 505 1436 ferendum
547 1371 712 1436 videretur
753 1371 869 1458 probo,
899 1371 1027 1436 cuidam
1067 1373 1269 1457 magistello,
1314 1373 1451 1436 mutavit

106 1475 256 1562 χιτώνιον
283 1482 316 1546 in
342 1476 568 1566 σριβώνιον,·
598 1483 684 1568 fugit
712 1503 790 1546 vero
821 1505 895 1548 eum
925 1504 1009 1546 nunc
1036 1483 1164 1550 duobus
1194 1485 1227 1550 in
1255 1485 1337 1548 locis
1369 1505 1449 1548 sane

107 1579 337 1657 remotioribus
367 1594 567 1660 offensiones
599 1595 721 1659 similes
746 1597 904 1676 existere,
935 1617 1019 1680 quae
1051 1602 1126 1660 sunt
1152 1589 1197 1660 τὸ
1225 1588 1258 1660 d’
1286 1588 1450 1678 ἱμάτιόν

107 1724 224 1770 oovv.
238 1706 299 1768 333
317 1711 350 1770 et
365 1697 577 1772 obstitisset
594 1728 623 1772 v.
637 1709 709 1772 352.
754 1707 800 1771 Ut
822 1707 907 1771 bono
931 1709 1039 1771 animo
1060 1708 1251 1793 acquiescas
1268 1707 1302 1770 in
1318 1706 1449 1771 Raven-

107 1816 195 1880 natis
219 1816 372 1881 lectione.
417 1816 489 1891 Quo
505 1825 698 1904 argumento
716 1820 871 1905 subrepto
887 1825 923 1883 ut
940 1821 1080 1886 alterum
1096 1841 1224 1905 quoque
1241 1819 1450 1900 labefactem,

108 1926 285 1992 ostendere
315 1929 458 1994 conabor
487 1950 554 1994 non
581 1929 769 1994 necessario
796 1923 985 2014 ἔγκυκλον
1007 1951 1037 1993 v.
1061 1932 1124 1994 536
1158 1929 1298 1994 eandem
1325 1934 1451 1992 vestem

109 2040 294 2126 significare
327 2046 425 2125 atque
459 2033 778 2128 ἡμιδιπλοίδιον
808 2063 836 2105 v.
859 2044 931 2108 318.
982 2040 1077 2114 Quod
1105 2041 1151 2105 ita
1180 2037 1300 2126 optime
1328 2041 1385 2104 fiet
1415 2045 1452 2102 ut

109 2151 297 2231 ostendam,
329 2173 392 2236 qua
421 2151 461 2220 de
486 2173 584 2217 causa
607 2151 848 2238 Aristophanes
873 2159 906 2217 et
928 2152 1109 2238 Blepyrum
1132 2151 1377 2238 hemidiploidio
1401 2151 1451 2216 in-

111 2265 268 2328 struxerit
290 2269 324 2330 et
346 2263 567 2350 Praxagoram
584 2286 613 2328 v.
631 2287 657 2330 s.
681 2265 743 2328 alio
771 2265 969 2330 vestimento
994 2264 1035 2328 ad
1059 2264 1279 2349 obtegendum
1300 2264 1452 2328 maritum

109 2380 259 2439 utentem
283 2375 408 2440 feeerit.
445 2375 554 2461 Atque
578 2375 666 2440 illius
682 2376 730 2439 rei
747 2396 845 2440 causa
862 2375 1016 2440 scaenica
1039 2375 1201 2460 quaedam
1217 2381 1278 2441 est.
1324 2374 1452 2460 Nempe

7 2473 8 2478 ί
111 2487 279 2552 crocotula
313 2487 358 2572 (v.
382 2489 453 2550 329.
479 2486 556 2572 332)
589 2487 661 2571 ipso
697 2487 807 2550 statim
841 2487 966 2566 coloro,
1001 2487 1054 2572 qui
1091 2487 1234 2550 maxime
1269 2486 1302 2549 in
1339 2487 1453 2550 oeulos

7 2607 8 2610 ’
110 2596 262 2678 cadebat,
285 2604 321 2662 ut
343 2599 513 2663 muliebris
530 2599 633 2662 vestis
657 2598 925 2682 dignoscebatur:
950 2598 1013 2661 viri
1037 2599 1124 2662 enim
1148 2618 1314 2682 nunquam
1329 2621 1453 2681 κροκω-

109 2709 336 2794 τοιροροῦοιν.2
380 2710 567 2774 Praebebat
594 2716 767 2794 praeterea
796 2711 884 2774 color
907 2711 976 2776 eius
1000 2710 1204 2774 occasionem
1226 2710 1452 2794 praeclarissi-

111 2841 199 2884 mam
217 2842 293 2886 vere
306 2820 550 2906 Aristophaneo
566 2842 655 2886 more
672 2821 801 2886 iocandi
817 2821 1055 2907 (κατατιλᾶνν.
1069 2819 1157 2906 330).
1190 2820 1327 2905 Encycli
1344 2825 1454 2884 autem

111 2953 142 2996 v.
159 2934 221 2995 536
239 2933 439 2998 mentionem
455 2935 555 2998 traxit
571 2935 769 3020 comparatio
785 2934 920 3020 Blepyri
944 2953 1016 2998 curn
1032 2939 1159 2996 mortuo
1175 2933 1208 2996 in
1225 2933 1311 2996 lecto
1328 2931 1456 2996 funebri

92 3041 330 3131 -προκειμένῳε
351 3046 468 3110 mortui
484 3045 570 3110 enim
585 3045 719 3110 himatio
736 3045 944 3130 obteguntur,
962 3051 994 3110 et
1010 3045 1126 3108 mirum
1142 3044 1267 3124 fuisset,
1286 3044 1314 3107 si
1328 3043 1454 3107 Praxa-

112 3175 206 3241 gora,
230 3176 303 3220 cum
326 3157 459 3222 adesset
482 3158 513 3221 ei
535 3158 704 3238 himation,
729 3157 860 3222 chitcne
883 3157 991 3241 potius
1008 3157 1112 3220 virum
1138 3156 1329 3241 obtegisset,
1353 3157 1455 3219 multo

112 3267 224 3331 minus
255 3268 373 3332 idoneo
403 3269 445 3333 ad
473 3270 557 3332 hanc
587 3291 665 3334 rem.
697 3307 737 3317 -ω
770 3269 873 3354 Spero
903 3289 980 3332 vero
1012 3289 1077 3331 non
1107 3268 1175 3332 fore
1205 3267 1259 3352 qui
1286 3273 1353 3348 tam
1376 3266 1457 3330 nihil

112 3380 277 3444 libertatis
313 3381 461 3465 poeticae
491 3381 706 3466 Aristophani
744 3379 994 3445 condonandum
1028 3385 1161 3464 putent,
1199 3385 1235 3442 ut
1267 3379 1356 3442 nullo
1390 3377 1456 3442 alio

114 3491 314 3556 vestimento
338 3492 516 3578 Blepyrum
545 3515 603 3578 pro
633 3499 702 3557 tota
733 3513 841 3556 rerum
874 3493 1063 3557 condicione
1088 3514 1123 3556 se
1153 3491 1285 3556 amicire
1309 3489 1456 3575 potuisse

116 3604 326 3685 contendant,
344 3625 442 3690 quam
458 3626 508 3686 eo,
526 3603 612 3689 quod
627 3605 818 3688 Praxagora
834 3605 864 3668 ei
878 3604 1089 3689 imposuerat.
1123 3603 1209 3678 Quid
1225 3602 1333 3667 enim?
1350 3622 1456 3665 nonne

209 3793 217 3824 ¹
236 3791 329 3844 Verba
342 3794 480 3861 corrupta,
493 3809 601 3846 sensum
616 3794 711 3845 tamen
723 3791 805 3844 facile
817 3791 984 3858 assequeris:
998 3791 1140 3863 τριβώνιον
1152 3791 1201 3843 τοῦ
1214 3791 1311 3860 ῥάκους
1324 3780 1457 3860 διαφέρει·

7 3919 9 3922 -
115 3877 161 3932 ὅτι
183 3875 326 3949 τριβώνιον
348 3878 401 3946 μέν
425 3878 482 3931 ἐστι
504 3879 537 3932 τό
561 3865 742 3947 ιίτιοβεβληκός
764 3879 812 3930 τοῦ
833 3876 929 3949 κροκίιί
947 3917 952 3930 .
973 3919 979 3930 .
998 3879 1045 3945 τῆς
1062 3879 1153 3946 βαφῆς
1171 3876 1237 3947 ίμοίτ
1257 3917 1263 3930 .
1283 3916 1288 3929 ,
1309 3917 1315 3932 .
1333 3875 1410 3947 παρὰ
1427 3875 1459 3928 ui

116 3961 275 4034 τετρίφβαι·
294 3961 376 4032 ῥάκος
393 3963 422 4015 de
441 3963 472 4017 τὸ
491 3964 638 4038 ώιερῥωχός
656 3966 710 4017 κτλ.
730 3966 769 4016 ab:
792 3963 934 4034 τριβώνιον
953 3963 1068 4016 ἕκαστον
1085 3961 1199 4014 κάλλιον
1216 3961 1261 4014 καὶ
1279 3963 1459 4034 τετριμμένον

116 4048 247 4114 πάλλων,
274 4043 328 4099 dno
345 4048 399 4120 χεὶρ
417 4051 465 4118 τῆς
482 4052 573 4121 τριβῆς
590 4048 636 4102 καί
654 4051 703 4102 τοῦ
719 4049 868 4120 τετρίφθαι
891 4051 1004 4118 εἴρηται.
1024 4077 1056 4090 -
1074 4049 1182 4100 Revera
1200 4049 1293 4100 autem
1312 4047 1459 4100 mulierum

117 4133 242 4190 himatio
259 4133 388 4205 τριβώνια
406 4137 506 4189 vocata
529 4152 587 4189 esse
603 4136 672 4190 -ei
691 4136 858 4207 τετριμμένιι
876 4135 957 4187 erant
970 4163 1002 4172 -
1016 4133 1051 4186 ab
1070 4132 1181 4196 Atticis,
1199 4132 1282 4186 docet
1301 4131 1327 4185 Ο.
1339 4131 1406 4186 LA.
1425 4132 1459 4184 ll.

118 4239 147 4274 n.
166 4220 225 4274 754.
243 4238 268 4274 v.
278 4220 325 4274 22:
343 4221 462 4288 Glycera
474 4221 580 4275 Dianae
593 4224 704 4290 praeter
720 4219 884 4290 χιτωνίσκον
896 4219 1062 4290 περιήχητον
1075 4218 1195 4291 ἐκπλώτῳ
1209 4217 1341 4290 ἁλουργεῖ
1349 4216 1460 4270 dedicat

118 4305 250 4377 τριβώνια
267 4305 325 4358 dio,
361 4306 468 4360 Dianae
489 4309 584 4360 autem
607 4306 756 4360 muliebria
780 4307 892 4359 tantum
910 4304 1079 4358 vestimenta
1096 4303 1272 4365 dedicantur;
1296 4303 1319 4356 si
1338 4302 1460 4356 virorum

118 4394 172 4446 aut
196 4392 374 4460 parvulorum
397 4395 476 4457 sunt,
500 4394 553 4446 hoc
574 4393 603 4446 in
627 4391 719 4446 titulis
742 4391 799 4444 illis
821 4391 988 4444 adnotatur:
1012 4390 1125 4460 ἱμιίτων
1148 4385 1274 4458 ἀνδρεῖον
1293 4389 1350 4442 754.
1374 4405 1400 4442 v,
1417 4387 1460 4450 47,

118 4475 283 4547 χιτωνίσκος
301 4473 425 4547 οἷνιλρεῖος
443 4479 501 4534 750.
520 4480 550 4533 Β.
570 4479 604 4532 H.
626 4497 651 4531 v.
670 4479 711 4532 26.
731 4479 790 4532 lbi.
810 4479 840 4532 B.
859 4478 880 4530 Ι.
899 4495 924 4531 v.
944 4477 985 4541 13,
1006 4475 1180 4545 χιτωνίσκιον
1199 4472 1378 4542 (χιτωνίσκος)
1397 4489 1461 4524 παι-

120 4563 199 4616 ώεῖον
210 4561 342 4629 (παιδίου)
363 4563 419 4618 754.
433 4583 457 4618 v.
472 4565 513 4620 28.
527 4583 552 4618 v.
566 4565 607 4627 58,
627 4563 737 4633 ἱμάτιον
748 4563 874 4616 παιδεῖον
888 4563 936 4617 751
951 4562 981 4616 Β.
995 4563 1015 4615 I.
1029 4580 1053 4616 v.
1068 4563 1092 4625 ί,
1109 4560 1267 4629 χλανίσκιον
1279 4557 1390 4612 παιδίον
1403 4557 1460 4612 754.

120 4668 147 4702 v.
160 4648 203 4702 40.

212 4747 222 4776 ²
241 4742 293 4797 cfr.
312 4743 622 4808 Hermann-Bluemner,
643 4741 915 4795 Pricatcltcrtbccccer
932 4758 959 4808 p.
971 4741 1029 4792 283.
1048 4757 1075 4791 n.
1089 4741 1112 4792 1.
