3086 5152
574 1537 734 1629 PARS
775 1539 980 1631 PRIOR.

766 1809 793 1882 1.

201 1969 442 2078 Athenienses
458 2001 644 2087 duplicasse
668 2002 840 2066 mulierum
863 2003 1058 2087 praesertim
1081 2003 1217 2068 himatia
1238 2009 1271 2068 et
1291 2003 1452 2084 chilones,

109 2118 145 2176 et
169 2133 252 2196 quae
275 2112 374 2177 fuerit
396 2112 625 2199 duplicationis
649 2113 743 2194 ratio,
768 2119 819 2177 sat
842 2120 956 2177 notum
979 2120 1040 2180 est.
1085 2114 1203 2200 Neque
1225 2115 1288 2179 hoo
1308 2135 1451 2198 unquam

110 2223 262 2308 cuiquam
285 2223 420 2288 dubium
448 2229 533 2304 erat,
564 2225 642 2309 quin
674 2223 716 2288 ad
739 2223 905 2310 duplicata
935 2225 1017 2291 haee
1040 2227 1237 2290 vestimenta
1257 2223 1451 2290 referendae

110 2339 223 2399 essent
258 2355 355 2400 voces
393 2330 540 2416 διπλοΐς,
578 2329 780 2415 διπλοίδιον,
815 2330 1074 2423 ἡμιδιπλοίδιον.
1133 2336 1306 2411 Quodnam
1340 2341 1451 2401 autem

110 2446 261 2531 singulae
289 2447 521 2511 vestimentum
550 2446 751 2530 significent,
783 2446 823 2511 de
851 2446 914 2512 hac
936 2468 971 2512 re
1002 2448 1053 2512 vel
1080 2447 1177 2514 hodic
1207 2448 1373 2534 aliquanta
1401 2454 1453 2514 est

110 2557 286 2622 dissensio,
1439 2539 1440 2542 Ἴ

197 2668 400 2754 Quamquam
423 2669 542 2734 docent
565 2669 808 2734 consentientes
834 2669 920 2734 inter
947 2691 983 2734 se
1010 2671 1214 2755 grammatici
1241 2657 1372 2736 veteres
1400 2670 1452 2737 δι-

110 2776 253 2858 πλοΐδος
281 2802 355 2846 esse
384 2781 520 2844 himatia
542 2780 686 2865 duplicia
714 2785 751 2843 ut
778 2761 967 2858 διπλοΐδοςΙΙ
999 2782 1170 2867 simplicia.
1215 2781 1259 2846 Et
1289 2783 1360 2867 quis
1388 2789 1449 2862 est,

111 2893 189 2978 quin
213 2892 339 2957 noverit
361 2887 496 2974 χλαίνας
511 2884 678 2970 ἁπλοΐδας
693 2892 830 2968 Homeri
854 2890 901 2978 (Ω
916 2914 946 2957 v.
959 2895 1031 2974 230,
1055 2917 1081 2957 ιο
1097 2874 1129 2958 v.
1141 2890 1228 2978 276),
1253 2894 1308 2979 qui
1323 2895 1452 2979 ignoret

112 3003 308 3088 Cynicorum
333 2996 578 3088 διπλοειμάιων
601 3003 765 3090 duplicem
787 3003 960 3084 tribonem,
984 3003 1039 3089 qui
1054 2983 1189 3069 Anthol.
1204 3003 1310 3070 Palat.
1320 3004 1396 3070 VII.
1410 3009 1451 3070 65

110 3117 172 3182 v.3
189 3112 324 3194 διπλοΐς
338 3121 495 3180 vocetur?
528 3099 699 3200 Nusquam
716 3134 795 3177 sane
811 3115 978 3199 expressis
1001 3095 1141 3177 traditur
1163 3114 1262 3178 etiam
1277 3116 1451 3181 mulierum

111 3227 246 3291 himatia
268 3226 434 3312 duplicata
456 3226 514 3306 illa
528 3245 610 3290 vooe
632 3207 806 3310 designata
829 3244 910 3305 esse,
936 3223 1014 3309 quin
1029 3223 1151 3288 Pollux
1167 3223 1287 3310 (onom.
1300 3226 1377 3292 VII.
1395 3228 1450 3313 47)

103 3512 105 3517 Ι
132 3515 134 3519 Ι
200 3447 267 3502 ¹De
287 3446 383 3506 δπλοΐς
399 3446 525 3501 conferas
545 3446 614 3500 Poll.
627 3462 717 3500 onom.
731 3445 846 3500 VII.4'l.
877 3446 968 3514 Etym.
987 3445 1081 3516 Magn.
1099 3465 1126 3516 p.
1142 3447 1263 3513 123.14.,
1281 3448 1316 3502 de
1334 3447 1452 3509 διπλοΐςι

109 3536 200 3602 Etym
214 3533 308 3603 Magn.
322 3552 349 3603 p.
363 3533 423 3587 278.
437 3533 479 3596 48,
498 3532 616 3610 Ηοαχολι.
630 3550 651 3586 s.
663 3549 698 3596 v..
717 3531 820 3586 Anecd.
833 3531 920 3585 Bekk.
930 3532 953 3585 Ἰ.
972 3550 999 3601 p.
1012 3532 1071 3587 425.
1085 3533 1126 3597 11,
1147 3532 1224 3587 Suid.
1238 3551 1258 3588 s.
1272 3552 1296 3589 v.
1322 3534 1451 3588 Ceterum

108 3619 227 3686 Atticos,
239 3623 271 3674 ut
282 3618 530 3690 ,,ἡμιδιπλοίδιον“
541 3635 586 3673 eos
599 3617 709 3682 dixisse,
721 3617 917 3686 Aristophanis
926 3635 1020 3672 versus
1030 3618 1131 3688 probat
1144 3620 1181 3688 (ν.
1191 3637 1218 3689 p.
1228 3619 1265 3688 2),
1277 3619 1451 3686 ,,διπλοῖδα“

109 3723 143 3760 ex
161 3705 294 3774 Hesychii
312 3709 380 3761 nota
398 3705 543 3772 ,διπλοΐδα
561 3704 612 3774 (sic
630 3704 750 3760 correxit
761 3703 917 3773 Piersonus,
936 3703 1072 3774 seriptum
1090 3706 1133 3758 est
1151 3704 1287 3780 διπλόϊδιι)
1306 3705 1450 3758 διπλοΐδα“

108 3792 258 3847 Piersonus
276 3791 361 3847 evicit
379 3791 491 3860 (Moeris
508 3790 594 3845 Attio.
614 3809 641 3860 p.
653 3790 713 3844 275.
726 3789 798 3858 276),
816 3820 850 3829 -
868 3789 942 3844 unde
961 3793 990 3844 et
1007 3789 1037 3843 in
1054 3789 1152 3844 Polluo
1169 3791 1230 3844 VH.
1248 3791 1283 3845 49
1301 3790 1451 3844 διπλοίδιον

108 3879 253 3934 Belrlrems
271 3877 361 3932 edidit
372 3908 414 3943 —‚
432 3877 474 3947 sio
490 3877 603 3932 omnino
614 3894 639 3946 a
656 3892 723 3931 voce
742 3875 846 3936 διπλοῖς
864 3877 893 3931 et
911 3876 1005 3935 ἁπλοΐς
1022 3875 1057 3931 ch
1076 3875 1215 3930 diaeresin
1232 3877 1416 3942 abhorruisse,
1435 3894 1450 3932 e

4 4001 5 4005 κ
108 3964 261 4020 lexioorum
273 3964 347 4019 notis
360 3964 431 4018 effici
443 3966 521 4033 puto.
549 3962 654 4017 Audias
667 3962 809 4017 Pollucem
822 3957 882 4016 Vll.
896 3962 938 4015 47.
957 3959 1008 4015 εἰσὶ
1027 3961 1057 4013 dl
1071 3961 1184 4029 χλαῖναι
1202 3964 1296 4033 οἱμὲν
1315 3962 1448 4028 δπλοΐδες,

109 4051 145 4110 ὥς
161 4049 275 4121 ῐΌμηρος
298 4050 427 4104 »δώδεκα
450 4046 478 4102 δ’
498 4048 656 4115 deicidas«,
679 4050 708 4102 αλ
726 4048 756 4101 δδ
774 4048 883 4114 διπλαῖ,
907 4046 1023 4116 »διπλῆν
1041 4047 1187 4116 §nudique
1211 4048 1335 4108 ταύτας
1358 4048 1394 4101 δδ
1417 4050 1449 4101 ot

106 4134 249 4190 Ἀττικοί
275 4135 464 4205 ἁπληχίδας
490 4135 536 4189 καὶ
563 4135 767 4204 διπληγδδας
794 4131 846 4186 καὶ
871 4132 1024 4202 διβόλονς
1054 4128 1234 4204 ὠνόμαζον.
1279 4135 1450 4200 Quibuscum

6 4217 7 4220 ¹
109 4221 234 4277 conferas
246 4222 337 4290 Etym.
350 4222 445 4292 Magn.
459 4240 486 4291 p.
498 4222 556 4275 123.
570 4222 604 4275 14
623 4218 738 4288 ἁπληγὶς
758 4218 789 4272 to*
808 4219 912 4272 ἁπλοῦν
924 4217 1042 4288 ἱμάτιον,
1062 4216 1142 4292 ὅπερ
1153 4217 1289 4291 ’Όμηρος
1308 4219 1449 4274 δπλοΐδα

108 4307 212 4364 καλοῖ.
247 4308 388 4377 Σοφοκλῆς
405 4305 517 4380 »τρύχει
534 4304 685 4377 καλυφδεδς
703 4305 866 4374 Θεσσαλικῆς
883 4303 1058 4373 δπληγίδοςα.
1089 4305 1191 4360 Moeris
1209 4323 1260 4361 nee
1278 4307 1381 4366 διπλοῖς
1398 4323 1450 4361 neo

109 4392 234 4462 διπληγὶς
246 4393 340 4461 habet,
359 4411 378 4447 s.
391 4411 417 4447 v.
432 4393 547 4463 δπληχίς
564 4395 659 4447 autem
677 4394 717 4462 (p.
729 4393 761 4446 87
775 4391 818 4446 ed.
832 4391 965 4459 Pierson.)
984 4390 1055 4445 dicit
1073 4391 1188 4460 ἁπληχὶς
1206 4388 1326 4458 οἷττικοῑς,
1346 4393 1450 4446 aroer

109 4478 221 4548 ἱμάτιον
244 4477 388 4546 ἑλληνικῶς
412 4479 491 4534 nulla
514 4479 617 4539 διπλοῖς
644 4478 720 4533 vocis
744 4477 888 4532 mentione
911 4477 994 4532 facta
1039 4477 1111 4532 Dein
1134 4477 1164 4531 in
1189 4478 1292 4534 Aneod.
1316 4478 1403 4534 Bokk.
1427 4479 1447 4532 I.

108 4582 135 4633 p.
147 4565 207 4619 425.
220 4565 256 4619 20
274 4565 303 4619 et
320 4565 396 4635 apud
415 4564 530 4620 Suidam
547 4584 568 4619 s.
586 4583 612 4619 v.
630 4567 664 4618 ut
682 4563 798 4632 δπληχίς
819 4563 880 4617 loeo
898 4562 1025 4632 Anagyri
1044 4563 1265 4634 Aristophaneae
1282 4563 1448 4628 illustratur,

108 4652 149 4706 ita
167 4650 204 4705 ad
222 4650 327 4711 διπλοΐς
343 4668 440 4707 vocem
457 4652 518 4707 illie
535 4651 620 4721 nihil,
645 4650 691 4704 hic
708 4649 849 4719 Agathiae
872 4648 1045 4718 epigramma
1063 4650 1204 4719 quoddam
1222 4650 1372 4721 adlegatur
1390 4649 1447 4717 (cfr.

110 4737 202 4792 Lehrs.
223 4735 329 4792 Pastor.
348 4739 375 4793 Il
393 4758 421 4808 p.
433 4739 485 4807 19).
