<?xml version="1.0" encoding="UTF-8"?>
<!DOCTYPE html PUBLIC "-//W3C//DTD XHTML 1.0 Transitional//EN"
    "http://www.w3.org/TR/xhtml1/DTD/xhtml1-transitional.dtd">
<html xmlns="http://www.w3.org/1999/xhtml" xml:lang="en" lang="en">
 <head>
  <title>
</title>
<meta http-equiv="Content-Type" content="text/html;charset=utf-8" />
  <meta name='ocr-system' content='tesseract 3.04.00' />
  <meta name='ocr-capabilities' content='ocr_page ocr_carea ocr_par ocr_line ocrx_word'/>
</head>
<body>
  <div class='ocr_page' id='page_1' title='image "./quaestionumdere00boehgoog_0018.png"; bbox 0 0 3086 5152; ppageno 0'>
   <div class='ocr_carea' id='block_1_1' title="bbox 97 458 1446 1444">
    <p class='ocr_par' dir='ltr' id='par_1_1' title="bbox 97 458 1446 1444">
     <span class='ocr_line' id='line_1_1' title="bbox 101 458 1446 551; baseline 0.001 -23"><span class='ocrx_word' id='word_1_1' title='bbox 101 464 237 548; x_wconf 89' lang='lat' dir='ltr'>cogitari</span> <span class='ocrx_word' id='word_1_2' title='bbox 255 464 374 548; x_wconf 69' lang='lat' dir='ltr'>:possit</span> <span class='ocrx_word' id='word_1_3' title='bbox 407 463 602 550; x_wconf 53' lang='lat' dir='ltr'>Blepyrnmq</span> <span class='ocrx_word' id='word_1_4' title='bbox 641 485 713 529; x_wconf 91' lang='lat' dir='ltr'>oum</span> <span class='ocrx_word' id='word_1_5' title='bbox 750 458 1003 551; x_wconf 79' lang='lat' dir='ltr'>expergefactus</span> <span class='ocrx_word' id='word_1_6' title='bbox 1036 472 1069 530; x_wconf 91' lang='lat' dir='ltr'>et</span> <span class='ocrx_word' id='word_1_7' title='bbox 1107 467 1239 536; x_wconf 87' lang='lat' dir='ltr'>immani</span> <span class='ocrx_word' id='word_1_8' title='bbox 1256 492 1258 496; x_wconf 94' lang='lat'>·</span> <span class='ocrx_word' id='word_1_9' title='bbox 1274 465 1446 532; x_wconf 88' lang='lat' dir='ltr'>desidendi</span> 
     </span>
     <span class='ocr_line' id='line_1_2' title="bbox 100 575 1445 664; baseline -0.001 -23"><span class='ocrx_word' id='word_1_10' title='bbox 100 575 301 641; x_wconf 70' lang='lat' dir='ltr'>necessitate</span> <span class='ocrx_word' id='word_1_11' title='bbox 325 581 463 658; x_wconf 84' lang='lat' dir='ltr'>vexatus</span> <span class='ocrx_word' id='word_1_12' title='bbox 494 575 651 640; x_wconf 89' lang='lat' dir='ltr'>himation</span> <span class='ocrx_word' id='word_1_13' title='bbox 674 583 862 662; x_wconf 85' lang='lat' dir='ltr'>quaereret,</span> <span class='ocrx_word' id='word_1_14' title='bbox 893 577 1049 643; x_wconf 90' lang='lat' dir='ltr'>mulieris·</span> <span class='ocrx_word' id='word_1_15' title='bbox 1070 578 1241 659; x_wconf 76' lang='lat' dir='ltr'>binatim,</span> <span class='ocrx_word' id='word_1_16' title='bbox 1273 577 1358 664; x_wconf 93' lang='lat' dir='ltr'>quod</span> <span class='ocrx_word' id='word_1_17' title='bbox 1382 577 1445 642; x_wconf 86' lang='lat' dir='ltr'>sibi</span> 
     </span>
     <span class='ocr_line' id='line_1_3' title="bbox 100 687 1444 775; baseline 0.001 -25"><span class='ocrx_word' id='word_1_18' title='bbox 100 687 289 772; x_wconf 89' lang='lat' dir='ltr'>impositum</span> <span class='ocrx_word' id='word_1_19' title='bbox 313 688 449 768; x_wconf 76' lang='lat' dir='ltr'>inuenit,</span> <span class='ocrx_word' id='word_1_20' title='bbox 472 687 676 774; x_wconf 89' lang='lat' dir='ltr'>indignatum</span> <span class='ocrx_word' id='word_1_21' title='bbox 700 690 872 772; x_wconf 84' lang='lat' dir='ltr'>abiecisse,</span> <span class='ocrx_word' id='word_1_22' title='bbox 896 691 972 757; x_wconf 91' lang='lat' dir='ltr'>dein</span> <span class='ocrx_word' id='word_1_23' title='bbox 995 712 1069 755; x_wconf 88' lang='lat' dir='ltr'>eum</span> <span class='ocrx_word' id='word_1_24' title='bbox 1090 691 1124 754; x_wconf 91' lang='lat' dir='ltr'>in</span> <span class='ocrx_word' id='word_1_25' title='bbox 1147 690 1286 775; x_wconf 90' lang='lat' dir='ltr'>caligine</span> <span class='ocrx_word' id='word_1_26' title='bbox 1310 687 1354 774; x_wconf 85' lang='lat' dir='ltr'>(v.</span> <span class='ocrx_word' id='word_1_27' title='bbox 1371 691 1444 752; x_wconf 81' lang='lat'><strong>314.</strong></span> 
     </span>
     <span class='ocr_line' id='line_1_4' title="bbox 102 793 1445 886; baseline 0.003 -26"><span class='ocrx_word' id='word_1_28' title='bbox 102 796 178 882; x_wconf 84' lang='lat'>375)</span> <span class='ocrx_word' id='word_1_29' title='bbox 209 793 474 884; x_wconf 81' lang='grc' dir='ltr'><em>ψηλαφῶν-(ι.</em></span> <span class='ocrx_word' id='word_1_30' title='bbox 497 801 573 881; x_wconf 86' lang='grc'>315)</span> <span class='ocrx_word' id='word_1_31' title='bbox 600 799 704 885; x_wconf 85' lang='lat' dir='ltr'>ipsius</span> <span class='ocrx_word' id='word_1_32' title='bbox 735 797 893 862; x_wconf 89' lang='lat' dir='ltr'>himaticn</span> <span class='ocrx_word' id='word_1_33' title='bbox 919 800 1066 864; x_wconf 87' lang='lat' dir='ltr'>invenire</span> <span class='ocrx_word' id='word_1_34' title='bbox 1096 821 1161 864; x_wconf 91' lang='lat' dir='ltr'>non</span> <span class='ocrx_word' id='word_1_35' title='bbox 1192 807 1319 886; x_wconf 84' lang='lat' dir='ltr'>posset,</span> <span class='ocrx_word' id='word_1_36' title='bbox 1343 799 1445 866; x_wconf 86' lang='lat' dir='ltr'>¹aliud</span> 
     </span>
     <span class='ocr_line' id='line_1_5' title="bbox 100 909 1444 997; baseline 0.001 -25"><span class='ocrx_word' id='word_1_37' title='bbox 100 909 212 973; x_wconf 85' lang='lat' dir='ltr'>uxoris</span> <span class='ocrx_word' id='word_1_38' title='bbox 239 909 485 989; x_wconf 80' lang='lat' dir='ltr'>vestimentum,</span> <span class='ocrx_word' id='word_1_39' title='bbox 518 910 551 973; x_wconf 91' lang='lat' dir='ltr'>in</span> <span class='ocrx_word' id='word_1_40' title='bbox 585 910 672 994; x_wconf 92' lang='lat' dir='ltr'>quod</span> <span class='ocrx_word' id='word_1_41' title='bbox 702 911 878 991; x_wconf 87' lang='lat' dir='ltr'>incideret,</span> <span class='ocrx_word' id='word_1_42' title='bbox 914 911 1113 997; x_wconf 72' lang='lat' dir='ltr'>arripuisse?</span> <span class='ocrx_word' id='word_1_43' title='bbox 1158 911 1328 996; x_wconf 80' lang='lat' dir='ltr'><strong>Nusquam</strong></span> <span class='ocrx_word' id='word_1_44' title='bbox 1357 911 1444 976; x_wconf 89' lang='lat' dir='ltr'>enirn</span> 
     </span>
     <span class='ocr_line' id='line_1_6' title="bbox 99 1014 1444 1151; baseline 0 -65"><span class='ocrx_word' id='word_1_45' title='bbox 99 1021 139 1086; x_wconf 86' lang='lat' dir='ltr'>in.</span> <span class='ocrx_word' id='word_1_46' title='bbox 151 1019 286 1151; x_wconf 83' lang='lat' dir='ltr'>cqrpqre</span> <span class='ocrx_word' id='word_1_47' title='bbox 303 1021 387 1086; x_wconf 84' lang='lat' dir='ltr'>illud.</span> <span class='ocrx_word' id='word_1_48' title='bbox 405 1014 655 1108; x_wconf 75' lang='grc' dir='ltr'><em>ἡμιδιπλοίδιον</em></span> <span class='ocrx_word' id='word_1_49' title='bbox 670 1023 836 1087; x_wconf 85' lang='lat' dir='ltr'>invenisse</span> <span class='ocrx_word' id='word_1_50' title='bbox 852 1023 989 1104; x_wconf 89' lang='lat' dir='ltr'>sedicit,</span> <span class='ocrx_word' id='word_1_51' title='bbox 1014 1023 1072 1088; x_wconf 90' lang='lat' dir='ltr'>sed</span> <span class='ocrx_word' id='word_1_52' title='bbox 1088 1045 1118 1090; x_wconf 90' lang='lat' dir='ltr'>v.</span> <span class='ocrx_word' id='word_1_53' title='bbox 1135 1020 1212 1088; x_wconf 80' lang='lat'><strong>317:</strong></span> <span class='ocrx_word' id='word_1_54' title='bbox 1236 1016 1420 1108; x_wconf 80' lang='grc' dir='ltr'><em>λαμβάνω</em></span> <span class='ocrx_word' id='word_1_55' title='bbox 1435 1025 1444 1102; x_wconf 77' lang='lat' dir='ltr'>l</span> 
     </span>
     <span class='ocr_line' id='line_1_7' title="bbox 98 1125 1439 1308; baseline 0 -110"><span class='ocrx_word' id='word_1_56' title='bbox 98 1129 191 1198; x_wconf 84' lang='grc' dir='ltr'><em>τουτὶ</em></span> <span class='ocrx_word' id='word_1_57' title='bbox 213 1127 251 1198; x_wconf 84' lang='grc' dir='ltr'>τὸ</span> <span class='ocrx_word' id='word_1_58' title='bbox 274 1133 333 1222; x_wconf 73' lang='grc' dir='ltr'>τῆς</span> <span class='ocrx_word' id='word_1_59' title='bbox 355 1127 505 1218; x_wconf 83' lang='grc' dir='ltr'><em>χοναικὸς</em></span> <span class='ocrx_word' id='word_1_60' title='bbox 526 1127 777 1308; x_wconf 78' lang='grc' dir='ltr'><em>ἡμιδιπλοίδιον</em></span> <span class='ocrx_word' id='word_1_61' title='bbox 801 1141 876 1199; x_wconf 91' lang='lat' dir='ltr'>etv</span> <span class='ocrx_word' id='word_1_62' title='bbox 856 1137 979 1198; x_wconf 84' lang='lat' dir='ltr'><strong>v.:375</strong></span> <span class='ocrx_word' id='word_1_63' title='bbox 1011 1130 1044 1199; x_wconf 85' lang='grc' dir='ltr'>έν</span> <span class='ocrx_word' id='word_1_64' title='bbox 1066 1134 1113 1222; x_wconf 75' lang='grc' dir='ltr'>τῷ</span> <span class='ocrx_word' id='word_1_65' title='bbox 1136 1129 1243 1200; x_wconf 87' lang='grc' dir='ltr'><em>σκότω</em></span> <span class='ocrx_word' id='word_1_66' title='bbox 1266 1128 1327 1220; x_wconf 70' lang='lat' dir='ltr'>yda</span> <span class='ocrx_word' id='word_1_67' title='bbox 1348 1125 1439 1199; x_wconf 78' lang='grc' dir='ltr'><em>τοῦτ</em></span> 
     </span>
     <span class='ocr_line' id='line_1_8' title="bbox 97 1239 1442 1332; baseline 0 -24"><span class='ocrx_word' id='word_1_68' title='bbox 97 1239 240 1326; x_wconf 73' lang='grc' dir='ltr'><em>ἔτυχον</em></span> <span class='ocrx_word' id='word_1_69' title='bbox 262 1239 376 1311; x_wconf 73' lang='grc' dir='ltr'><em>ἔνδον</em></span> <span class='ocrx_word' id='word_1_70' title='bbox 398 1239 600 1329; x_wconf 60' lang='lat' dir='ltr'>dandal</span> <span class='ocrx_word' id='word_1_71' title='bbox 601 1251 700 1332; x_wconf 89' lang='lat' dir='ltr'>taque</span> <span class='ocrx_word' id='word_1_72' title='bbox 723 1246 793 1310; x_wconf 92' lang='lat' dir='ltr'>idt</span> <span class='ocrx_word' id='word_1_73' title='bbox 779 1251 907 1310; x_wconf 89' lang='lat' dir='ltr'>ttanum</span> <span class='ocrx_word' id='word_1_74' title='bbox 928 1245 1094 1332; x_wconf 83' lang='lat' dir='ltr'>postulari</span> <span class='ocrx_word' id='word_1_75' title='bbox 1110 1247 1248 1332; x_wconf 79' lang='lat' dir='ltr'>poterit,</span> <span class='ocrx_word' id='word_1_76' title='bbox 1277 1243 1442 1310; x_wconf 89' lang='lat' dir='ltr'>uthemi-</span> 
     </span>
     <span class='ocr_line' id='line_1_9' title="bbox 99 1354 1206 1444; baseline 0.002 -26"><span class='ocrx_word' id='word_1_77' title='bbox 99 1355 307 1441; x_wconf 89' lang='lat' dir='ltr'>diploidion</span> <span class='ocrx_word' id='word_1_78' title='bbox 298 1379 332 1420; x_wconf 91' lang='grc' dir='ltr'>ιιι</span> <span class='ocrx_word' id='word_1_79' title='bbox 354 1358 427 1444; x_wconf 90' lang='lat' dir='ltr'>ipso</span> <span class='ocrx_word' id='word_1_80' title='bbox 450 1358 516 1422; x_wconf 93' lang='lat' dir='ltr'>lect</span> <span class='ocrx_word' id='word_1_81' title='bbox 518 1358 571 1421; x_wconf 94' lang='lat' dir='ltr'>ulo</span> <span class='ocrx_word' id='word_1_82' title='bbox 594 1358 647 1422; x_wconf 88' lang='lat' dir='ltr'>vel</span> <span class='ocrx_word' id='word_1_83' title='bbox 669 1379 772 1444; x_wconf 86' lang='lat' dir='ltr'>prope</span> <span class='ocrx_word' id='word_1_84' title='bbox 796 1358 947 1422; x_wconf 87' lang='lat' dir='ltr'>habuerit</span> <span class='ocrx_word' id='word_1_85' title='bbox 970 1354 1103 1422; x_wconf 84' lang='grc' dir='ltr'><em>Ιοοιιιιι</em></span> <span class='ocrx_word' id='word_1_86' title='bbox 1102 1379 1206 1424; x_wconf 88' lang='lat' dir='ltr'>suum.</span> 
     </span>
    </p>
   </div>
   <div class='ocr_carea' id='block_1_2' title="bbox 14 1473 1443 3693">
    <p class='ocr_par' dir='ltr' id='par_1_2' title="bbox 14 1473 1443 3693">
     <span class='ocr_line' id='line_1_10' title="bbox 187 1473 1442 1596; baseline 0.002 -48"><span class='ocrx_word' id='word_1_87' title='bbox 187 1473 334 1588; x_wconf 86' lang='lat' dir='ltr'>Restat</span> <span class='ocrx_word' id='word_1_88' title='bbox 326 1486 385 1571; x_wconf 81' lang='lat' dir='ltr'>rgit</span> <span class='ocrx_word' id='word_1_89' title='bbox 386 1507 425 1551; x_wconf 91' lang='lat' dir='ltr'>ur</span> <span class='ocrx_word' id='word_1_90' title='bbox 446 1507 544 1550; x_wconf 92' lang='lat' dir='ltr'>unum</span> <span class='ocrx_word' id='word_1_91' title='bbox 570 1494 894 1572; x_wconf 73' lang='lat' dir='ltr'>argumentumque</span> <span class='ocrx_word' id='word_1_92' title='bbox 918 1487 966 1586; x_wconf 87' lang='lat' dir='ltr'>nit</span> <span class='ocrx_word' id='word_1_93' title='bbox 954 1487 1050 1551; x_wconf 87' lang='lat' dir='ltr'>tillir</span> <span class='ocrx_word' id='word_1_94' title='bbox 1058 1486 1200 1596; x_wconf 78' lang='lat' dir='ltr'>possint:</span> <span class='ocrx_word' id='word_1_95' title='bbox 1226 1478 1442 1569; x_wconf 76' lang='grc' dir='ltr'>Ιἀμπέχεσθαι</span> 
     </span>
     <span class='ocr_line' id='line_1_11' title="bbox 98 1577 1440 1702; baseline -0.004 -37"><span class='ocrx_word' id='word_1_96' title='bbox 98 1577 175 1682; x_wconf 75' lang='lat' dir='ltr'>uox,</span> <span class='ocrx_word' id='word_1_97' title='bbox 199 1583 282 1702; x_wconf 86' lang='lat' dir='ltr'>quae</span> <span class='ocrx_word' id='word_1_98' title='bbox 306 1600 347 1666; x_wconf 91' lang='lat' dir='ltr'>de</span> <span class='ocrx_word' id='word_1_99' title='bbox 372 1599 439 1664; x_wconf 87' lang='lat' dir='ltr'>chit</span> <span class='ocrx_word' id='word_1_100' title='bbox 440 1598 555 1663; x_wconf 89' lang='lat' dir='ltr'>onibus</span> <span class='ocrx_word' id='word_1_101' title='bbox 580 1599 753 1684; x_wconf 84' lang='lat' dir='ltr'>induendis</span> <span class='ocrx_word' id='word_1_102' title='bbox 776 1619 842 1664; x_wconf 92' lang='lat' dir='ltr'>non</span> <span class='ocrx_word' id='word_1_103' title='bbox 865 1583 1014 1685; x_wconf 90' lang='lat' dir='ltr'>usurpari</span> <span class='ocrx_word' id='word_1_104' title='bbox 1038 1599 1130 1689; x_wconf 88' lang='lat' dir='ltr'>solet.</span> <span class='ocrx_word' id='word_1_105' title='bbox 1175 1597 1219 1661; x_wconf 81' lang='lat' dir='ltr'>Et</span> <span class='ocrx_word' id='word_1_106' title='bbox 1241 1597 1317 1662; x_wconf 93' lang='lat' dir='ltr'>huic</span> <span class='ocrx_word' id='word_1_107' title='bbox 1342 1619 1440 1682; x_wconf 88' lang='lat' dir='ltr'>argu-</span> 
     </span>
     <span class='ocr_line' id='line_1_12' title="bbox 100 1696 1443 1799; baseline -0.004 -23"><span class='ocrx_word' id='word_1_108' title='bbox 100 1717 212 1776; x_wconf 88' lang='lat' dir='ltr'>mente</span> <span class='ocrx_word' id='word_1_109' title='bbox 235 1712 306 1777; x_wconf 86' lang='lat' dir='ltr'>veri</span> <span class='ocrx_word' id='word_1_110' title='bbox 337 1711 496 1799; x_wconf 87' lang='lat' dir='ltr'>aliquid</span> <span class='ocrx_word' id='word_1_111' title='bbox 487 1696 596 1777; x_wconf 86' lang='lat' dir='ltr'>messe</span> <span class='ocrx_word' id='word_1_112' title='bbox 624 1733 688 1776; x_wconf 92' lang='lat' dir='ltr'>non</span> <span class='ocrx_word' id='word_1_113' title='bbox 717 1709 848 1796; x_wconf 83' lang='lat' dir='ltr'>negem</span> <span class='ocrx_word' id='word_1_114' title='bbox 890 1711 942 1775; x_wconf 93' lang='lat' dir='ltr'>Ita</span> <span class='ocrx_word' id='word_1_115' title='bbox 970 1711 1059 1776; x_wconf 88' lang='lat' dir='ltr'>enim</span> <span class='ocrx_word' id='word_1_116' title='bbox 1083 1731 1135 1774; x_wconf 91' lang='lat' dir='ltr'>res</span> <span class='ocrx_word' id='word_1_117' title='bbox 1160 1729 1234 1774; x_wconf 87' lang='lat' dir='ltr'>sese</span> <span class='ocrx_word' id='word_1_118' title='bbox 1257 1709 1374 1790; x_wconf 81' lang='lat' dir='ltr'>habet,</span> <span class='ocrx_word' id='word_1_119' title='bbox 1345 1715 1443 1772; x_wconf 89' lang='lat' dir='ltr'>tut</span> 
     </span>
     <span class='ocr_line' id='line_1_13' title="bbox 99 1757 1443 1910; baseline -0.004 -22"><span class='ocrx_word' id='word_1_120' title='bbox 99 1823 169 1888; x_wconf 85' lang='lat' dir='ltr'>Att</span> <span class='ocrx_word' id='word_1_121' title='bbox 145 1824 201 1888; x_wconf 88' lang='lat' dir='ltr'>troi</span> <span class='ocrx_word' id='word_1_122' title='bbox 229 1825 413 1910; x_wconf 90' lang='lat' dir='ltr'>scriptores</span> <span class='ocrx_word' id='word_1_123' title='bbox 432 1823 678 1888; x_wconf 78' lang='lat' dir='ltr'>accuratissime</span> <span class='ocrx_word' id='word_1_124' title='bbox 708 1830 840 1889; x_wconf 83' lang='lat' dir='ltr'>seruent</span> <span class='ocrx_word' id='word_1_125' title='bbox 826 1823 1043 1887; x_wconf 89' lang='lat' dir='ltr'>tdiscrimen</span> <span class='ocrx_word' id='word_1_126' title='bbox 1073 1821 1197 1907; x_wconf 91' lang='lat' dir='ltr'>quod</span> <span class='ocrx_word' id='word_1_127' title='bbox 1188 1824 1328 1886; x_wconf 79' lang='lat' dir='ltr'>interest</span> <span class='ocrx_word' id='word_1_128' title='bbox 1355 1757 1443 1885; x_wconf 78' lang='lat' dir='ltr'>iliter</span> 
     </span>
     <span class='ocr_line' id='line_1_14' title="bbox 96 1928 1440 2022; baseline -0.004 -20"><span class='ocrx_word' id='word_1_129' title='bbox 96 1929 317 2002; x_wconf 78' lang='grc' dir='ltr'><em>ένδιίισθαι</em></span> <span class='ocrx_word' id='word_1_130' title='bbox 341 1941 374 2001; x_wconf 92' lang='lat' dir='ltr'>et</span> <span class='ocrx_word' id='word_1_131' title='bbox 395 1928 658 2018; x_wconf 73' lang='grc' dir='ltr'><em>ἀμπέχεσθαι</em></span> <span class='ocrx_word' id='word_1_132' title='bbox 674 1956 782 2018; x_wconf 76' lang='lat' dir='ltr'>voees,</span> <span class='ocrx_word' id='word_1_133' title='bbox 806 1942 943 2022; x_wconf 90' lang='lat' dir='ltr'>quarum</span> <span class='ocrx_word' id='word_1_134' title='bbox 959 1935 1040 1998; x_wconf 91' lang='lat' dir='ltr'>haec</span> <span class='ocrx_word' id='word_1_135' title='bbox 1058 1933 1187 2019; x_wconf 84' lang='lat' dir='ltr'>semper</span> <span class='ocrx_word' id='word_1_136' title='bbox 1203 1932 1243 1998; x_wconf 93' lang='lat' dir='ltr'>de</span> <span class='ocrx_word' id='word_1_137' title='bbox 1259 1931 1440 2018; x_wconf 89' lang='lat' dir='ltr'>perible-</span> 
     </span>
     <span class='ocr_line' id='line_1_15' title="bbox 98 2045 1441 2133; baseline -0.002 -21"><span class='ocrx_word' id='word_1_138' title='bbox 98 2049 229 2130; x_wconf 89' lang='lat' dir='ltr'>matis,</span> <span class='ocrx_word' id='word_1_139' title='bbox 247 2049 314 2112; x_wconf 48' lang='lat' dir='ltr'>&#39;illa</span> <span class='ocrx_word' id='word_1_140' title='bbox 337 2051 468 2133; x_wconf 90' lang='lat' dir='ltr'>semper</span> <span class='ocrx_word' id='word_1_141' title='bbox 491 2045 531 2112; x_wconf 92' lang='lat' dir='ltr'>de</span> <span class='ocrx_word' id='word_1_142' title='bbox 556 2046 782 2132; x_wconf 88' lang='lat' dir='ltr'>endymatis</span> <span class='ocrx_word' id='word_1_143' title='bbox 805 2053 989 2132; x_wconf 85' lang='lat' dir='ltr'>usurpatur.</span> <span class='ocrx_word' id='word_1_144' title='bbox 1019 2047 1078 2110; x_wconf 87' lang='lat' dir='ltr'>·Ae</span> <span class='ocrx_word' id='word_1_145' title='bbox 1100 2046 1180 2110; x_wconf 91' lang='lat' dir='ltr'>mihi</span> <span class='ocrx_word' id='word_1_146' title='bbox 1202 2045 1343 2130; x_wconf 88' lang='lat' dir='ltr'>quidem,</span> <span class='ocrx_word' id='word_1_147' title='bbox 1367 2066 1441 2110; x_wconf 91' lang='lat' dir='ltr'>cum</span> 
     </span>
     <span class='ocr_line' id='line_1_16' title="bbox 97 2137 1439 2244; baseline -0.003 -20"><span class='ocrx_word' id='word_1_148' title='bbox 97 2179 116 2224; x_wconf 91' lang='lat' dir='ltr'>e</span> <span class='ocrx_word' id='word_1_149' title='bbox 143 2157 356 2244; x_wconf 79' lang='lat' dir='ltr'>scriptoribus</span> <span class='ocrx_word' id='word_1_150' title='bbox 384 2155 629 2242; x_wconf 86' lang='lat' dir='ltr'>posterioribus</span> <span class='ocrx_word' id='word_1_151' title='bbox 654 2157 816 2222; x_wconf 86' lang='lat' dir='ltr'>nonnulla</span> <span class='ocrx_word' id='word_1_152' title='bbox 839 2139 992 2242; x_wconf 81' lang='lat' dir='ltr'>exempla</span> <span class='ocrx_word' id='word_1_153' title='bbox 1021 2137 1138 2222; x_wconf 85' lang='lat' dir='ltr'>vocum</span> <span class='ocrx_word' id='word_1_154' title='bbox 1167 2152 1439 2222; x_wconf 82' lang='lat' dir='ltr'>commutaturum</span> 
     </span>
     <span class='ocr_line' id='line_1_17' title="bbox 97 2265 1439 2355; baseline -0.004 -20"><span class='ocrx_word' id='word_1_155' title='bbox 97 2270 349 2355; x_wconf 81' lang='lat' dir='ltr'>congesserim,¹</span> <span class='ocrx_word' id='word_1_156' title='bbox 376 2268 612 2353; x_wconf 89' lang='lat' dir='ltr'>nullumapud</span> <span class='ocrx_word' id='word_1_157' title='bbox 634 2267 781 2333; x_wconf 87' lang='lat' dir='ltr'>Atticum</span> <span class='ocrx_word' id='word_1_158' title='bbox 805 2269 996 2355; x_wconf 89' lang='lat' dir='ltr'>scriptorem</span> <span class='ocrx_word' id='word_1_159' title='bbox 1018 2269 1164 2334; x_wconf 85' lang='lat' dir='ltr'>invenire</span> <span class='ocrx_word' id='word_1_160' title='bbox 1189 2269 1337 2353; x_wconf 89' lang='lat' dir='ltr'>contigit.</span> <span class='ocrx_word' id='word_1_161' title='bbox 1383 2265 1439 2347; x_wconf 86' lang='lat' dir='ltr'>Ut,</span> 
     </span>
     <span class='ocr_line' id='line_1_18' title="bbox 97 2378 1438 2468; baseline 0 -24"><span class='ocrx_word' id='word_1_162' title='bbox 97 2381 174 2446; x_wconf 90' lang='lat' dir='ltr'>licet</span> <span class='ocrx_word' id='word_1_163' title='bbox 190 2381 328 2444; x_wconf 87' lang='lat' dir='ltr'>afferant</span> <span class='ocrx_word' id='word_1_164' title='bbox 345 2380 405 2444; x_wconf 92' lang='lat' dir='ltr'>hoc</span> <span class='ocrx_word' id='word_1_165' title='bbox 421 2402 523 2445; x_wconf 91' lang='lat' dir='ltr'>unum</span> <span class='ocrx_word' id='word_1_166' title='bbox 539 2382 726 2467; x_wconf 89' lang='lat' dir='ltr'>exemplum</span> <span class='ocrx_word' id='word_1_167' title='bbox 743 2381 797 2466; x_wconf 91' lang='lat' dir='ltr'>qui</span> <span class='ocrx_word' id='word_1_168' title='bbox 813 2378 1039 2466; x_wconf 85' lang='lat' dir='ltr'>diligentiores</span> <span class='ocrx_word' id='word_1_169' title='bbox 1055 2387 1130 2446; x_wconf 88' lang='lat' dir='ltr'>sunt</span> <span class='ocrx_word' id='word_1_170' title='bbox 1145 2383 1179 2445; x_wconf 89' lang='lat' dir='ltr'>in</span> <span class='ocrx_word' id='word_1_171' title='bbox 1201 2379 1438 2468; x_wconf 90' lang='lat' dir='ltr'>perscrutando</span> 
     </span>
     <span class='ocr_line' id='line_1_19' title="bbox 94 2491 1439 2576; baseline 0.001 -22"><span class='ocrx_word' id='word_1_172' title='bbox 94 2519 140 2538; x_wconf 32' lang='grc' dir='ltr'><em>ι-</em></span> <span class='ocrx_word' id='word_1_173' title='bbox 159 2491 340 2576; x_wconf 84' lang='lat' dir='ltr'>spondeam</span> <span class='ocrx_word' id='word_1_174' title='bbox 364 2497 474 2556; x_wconf 91' lang='lat' dir='ltr'>autem</span> <span class='ocrx_word' id='word_1_175' title='bbox 496 2492 557 2556; x_wconf 90' lang='lat' dir='ltr'>tibi</span> <span class='ocrx_word' id='word_1_176' title='bbox 578 2493 743 2556; x_wconf 89' lang='lat' dir='ltr'>rarissima</span> <span class='ocrx_word' id='word_1_177' title='bbox 770 2514 809 2557; x_wconf 90' lang='lat' dir='ltr'>ea</span> <span class='ocrx_word' id='word_1_178' title='bbox 836 2493 906 2558; x_wconf 89' lang='lat' dir='ltr'>fore</span> <span class='ocrx_word' id='word_1_179' title='bbox 930 2530 987 2575; x_wconf 87' lang='lat'>—-‚</span> <span class='ocrx_word' id='word_1_180' title='bbox 1011 2494 1073 2558; x_wconf 90' lang='lat' dir='ltr'>hoc</span> <span class='ocrx_word' id='word_1_181' title='bbox 1093 2494 1223 2558; x_wconf 86' lang='lat' dir='ltr'>fortiter</span> <span class='ocrx_word' id='word_1_182' title='bbox 1246 2492 1439 2558; x_wconf 85' lang='lat' dir='ltr'>contendam</span> 
     </span>
     <span class='ocr_line' id='line_1_20' title="bbox 98 2595 1439 2691; baseline 0.003 -25"><span class='ocrx_word' id='word_1_183' title='bbox 98 2603 132 2666; x_wconf 88' lang='lat' dir='ltr'>in</span> <span class='ocrx_word' id='word_1_184' title='bbox 160 2601 272 2668; x_wconf 87' lang='lat' dir='ltr'>fabula</span> <span class='ocrx_word' id='word_1_185' title='bbox 294 2601 539 2688; x_wconf 85' lang='lat' dir='ltr'>Aristophanea</span> <span class='ocrx_word' id='word_1_186' title='bbox 573 2604 689 2668; x_wconf 91' lang='lat' dir='ltr'>merito</span> <span class='ocrx_word' id='word_1_187' title='bbox 723 2602 889 2670; x_wconf 86' lang='lat' dir='ltr'>offendere</span> <span class='ocrx_word' id='word_1_188' title='bbox 922 2599 1094 2690; x_wconf 90' lang='lat' dir='ltr'>suamque</span> <span class='ocrx_word' id='word_1_189' title='bbox 1111 2595 1176 2670; x_wconf 77' lang='lat' dir='ltr'>suo&#39;</span> <span class='ocrx_word' id='word_1_190' title='bbox 1203 2605 1274 2670; x_wconf 91' lang='lat' dir='ltr'>iure</span> <span class='ocrx_word' id='word_1_191' title='bbox 1302 2625 1439 2691; x_wconf 90' lang='lat' dir='ltr'>poscere</span> 
     </span>
     <span class='ocr_line' id='line_1_21' title="bbox 98 2706 1439 2803; baseline 0.001 -23"><span class='ocrx_word' id='word_1_192' title='bbox 98 2715 351 2800; x_wconf 87' lang='lat' dir='ltr'>explicationem</span> <span class='ocrx_word' id='word_1_193' title='bbox 372 2706 586 2797; x_wconf 74' lang='grc' dir='ltr'><em>ἀμπέχεσθαι</em></span> <span class='ocrx_word' id='word_1_194' title='bbox 604 2736 721 2780; x_wconf 85' lang='lat' dir='ltr'>vocem</span> <span class='ocrx_word' id='word_1_195' title='bbox 737 2715 787 2780; x_wconf 90' lang='lat' dir='ltr'>bis</span> <span class='ocrx_word' id='word_1_196' title='bbox 812 2715 852 2782; x_wconf 89' lang='lat' dir='ltr'>de</span> <span class='ocrx_word' id='word_1_197' title='bbox 877 2716 1052 2802; x_wconf 88' lang='lat' dir='ltr'>endymate</span> <span class='ocrx_word' id='word_1_198' title='bbox 1075 2722 1266 2803; x_wconf 90' lang='lat' dir='ltr'>usurpatam</span> <span class='ocrx_word' id='word_1_199' title='bbox 1284 2723 1316 2781; x_wconf 91' lang='lat' dir='ltr'>et</span> <span class='ocrx_word' id='word_1_200' title='bbox 1337 2717 1439 2781; x_wconf 90' lang='lat' dir='ltr'>semel</span> 
     </span>
     <span class='ocr_line' id='line_1_22' title="bbox 96 2815 1440 2924; baseline 0 -34"><span class='ocrx_word' id='word_1_201' title='bbox 96 2825 227 2911; x_wconf 92' lang='lat' dir='ltr'>quidem</span> <span class='ocrx_word' id='word_1_202' title='bbox 249 2815 352 2912; x_wconf 90' lang='lat' dir='ltr'>prope</span> <span class='ocrx_word' id='word_1_203' title='bbox 376 2827 583 2890; x_wconf 89' lang='lat' dir='ltr'>coniunctam</span> <span class='ocrx_word' id='word_1_204' title='bbox 612 2849 685 2892; x_wconf 91' lang='lat' dir='ltr'>cum</span> <span class='ocrx_word' id='word_1_205' title='bbox 715 2828 845 2914; x_wconf 90' lang='lat' dir='ltr'>propria</span> <span class='ocrx_word' id='word_1_206' title='bbox 869 2822 1063 2893; x_wconf 75' lang='grc' dir='ltr'>Ιένδοέσθαιε</span> <span class='ocrx_word' id='word_1_207' title='bbox 1093 2823 1137 2894; x_wconf 83' lang='grc' dir='ltr'>τὸ</span> <span class='ocrx_word' id='word_1_208' title='bbox 1167 2823 1440 2924; x_wconf 83' lang='grc' dir='ltr'><em>κροκωτίδιον</em></span> 
     </span>
     <span class='ocr_line' id='line_1_23' title="bbox 97 2929 1438 3026; baseline 0.001 -24"><span class='ocrx_word' id='word_1_209' title='bbox 97 2929 418 3022; x_wconf 81' lang='grc' dir='ltr'><em>ἀμπισχόμενος,</em></span> <span class='ocrx_word' id='word_1_210' title='bbox 450 2929 680 3005; x_wconf 76' lang='grc' dir='ltr'><em>οὑνδύεται.</em></span> <span class='ocrx_word' id='word_1_211' title='bbox 714 2939 775 3004; x_wconf 81' lang='lat' dir='ltr'>&#39;Et</span> <span class='ocrx_word' id='word_1_212' title='bbox 796 2939 937 3026; x_wconf 89' lang='lat' dir='ltr'>accipiet</span> <span class='ocrx_word' id='word_1_213' title='bbox 961 2937 1224 3026; x_wconf 76' lang='lat' dir='ltr'>explicationem.</span> <span class='ocrx_word' id='word_1_214' title='bbox 1278 2940 1438 3004; x_wconf 90' lang='lat' dir='ltr'>Nimirum</span> 
     </span>
     <span class='ocr_line' id='line_1_24' title="bbox 98 3049 1438 3138; baseline 0.004 -26"><span class='ocrx_word' id='word_1_215' title='bbox 98 3049 262 3135; x_wconf 85' lang='lat' dir='ltr'>Blepyrus</span> <span class='ocrx_word' id='word_1_216' title='bbox 287 3071 359 3114; x_wconf 92' lang='lat' dir='ltr'>eam</span> <span class='ocrx_word' id='word_1_217' title='bbox 374 3055 512 3132; x_wconf 79' lang='lat' dir='ltr'>restem,</span> <span class='ocrx_word' id='word_1_218' title='bbox 536 3073 633 3136; x_wconf 90' lang='lat' dir='ltr'>quam</span> <span class='ocrx_word' id='word_1_219' title='bbox 649 3073 733 3115; x_wconf 88' lang='lat' dir='ltr'>uxor</span> <span class='ocrx_word' id='word_1_220' title='bbox 748 3052 863 3134; x_wconf 86' lang='lat' dir='ltr'>induit,</span> <span class='ocrx_word' id='word_1_221' title='bbox 890 3050 1055 3118; x_wconf 91' lang='lat' dir='ltr'>chitonem</span> <span class='ocrx_word' id='word_1_222' title='bbox 1073 3074 1150 3138; x_wconf 89' lang='lat' dir='ltr'>ergo</span> <span class='ocrx_word' id='word_1_223' title='bbox 1167 3053 1438 3137; x_wconf 88' lang='lat' dir='ltr'>qualemcunque,</span> 
     </span>
     <span class='ocr_line' id='line_1_25' title="bbox 93 3143 1437 3250; baseline 0.003 -25"><span class='ocrx_word' id='word_1_224' title='bbox 93 3161 224 3226; x_wconf 91' lang='lat' dir='ltr'>himatii</span> <span class='ocrx_word' id='word_1_225' title='bbox 257 3162 361 3225; x_wconf 90' lang='lat' dir='ltr'>instar</span> <span class='ocrx_word' id='word_1_226' title='bbox 393 3162 455 3226; x_wconf 90' lang='lat' dir='ltr'>sibi</span> <span class='ocrx_word' id='word_1_227' title='bbox 490 3145 669 3228; x_wconf 89' lang='lat' dir='ltr'>circumicit</span> <span class='ocrx_word' id='word_1_228' title='bbox 700 3199 741 3209; x_wconf 92' lang='lat'><em>-</em></span> <span class='ocrx_word' id='word_1_229' title='bbox 770 3155 953 3246; x_wconf 77' lang='grc' dir='ltr'><em>ἀμπέχεται</em></span> <span class='ocrx_word' id='word_1_230' title='bbox 983 3143 1041 3212; x_wconf 42' lang='grc'>’-’</span> <span class='ocrx_word' id='word_1_231' title='bbox 1056 3163 1219 3250; x_wconf 87' lang='lat' dir='ltr'>temporis</span> <span class='ocrx_word' id='word_1_232' title='bbox 1245 3163 1437 3229; x_wconf 81' lang='lat' dir='ltr'>difficultate</span> 
     </span>
     <span class='ocr_line' id='line_1_26' title="bbox 97 3253 1437 3360; baseline 0.002 -24"><span class='ocrx_word' id='word_1_233' title='bbox 97 3277 242 3338; x_wconf 89' lang='lat' dir='ltr'>coactus.</span> <span class='ocrx_word' id='word_1_234' title='bbox 287 3271 360 3344; x_wconf 79' lang='lat' dir='ltr'>Quo</span> <span class='ocrx_word' id='word_1_235' title='bbox 396 3271 511 3337; x_wconf 91' lang='lat' dir='ltr'>habitu</span> <span class='ocrx_word' id='word_1_236' title='bbox 544 3281 622 3338; x_wconf 89' lang='lat' dir='ltr'>ante</span> <span class='ocrx_word' id='word_1_237' title='bbox 657 3275 770 3338; x_wconf 92' lang='lat' dir='ltr'>oculos</span> <span class='ocrx_word' id='word_1_238' title='bbox 803 3275 912 3358; x_wconf 90' lang='lat' dir='ltr'>posito</span> <span class='ocrx_word' id='word_1_239' title='bbox 948 3311 990 3328; x_wconf 54' lang='lat' dir='ltr'>v·</span> <span class='ocrx_word' id='word_1_240' title='bbox 1024 3279 1156 3360; x_wconf 86' lang='lat' dir='ltr'>reputes</span> <span class='ocrx_word' id='word_1_241' title='bbox 1185 3253 1295 3340; x_wconf 89' lang='lat' dir='ltr'>autem</span> <span class='ocrx_word' id='word_1_242' title='bbox 1326 3281 1437 3340; x_wconf 89' lang='lat' dir='ltr'>tecum</span> 
     </span>
     <span class='ocr_line' id='line_1_27' title="bbox 97 3366 1438 3472; baseline 0.001 -24"><span class='ocrx_word' id='word_1_243' title='bbox 97 3384 259 3448; x_wconf 88' lang='lat' dir='ltr'>chitonem</span> <span class='ocrx_word' id='word_1_244' title='bbox 289 3383 330 3447; x_wconf 94' lang='lat' dir='ltr'>ob</span> <span class='ocrx_word' id='word_1_245' title='bbox 360 3383 704 3468; x_wconf 67' lang='lat' dir='ltr'>formam-&#39;oblongam</span> <span class='ocrx_word' id='word_1_246' title='bbox 734 3384 951 3469; x_wconf 83' lang='lat' dir='ltr'>perexiguam</span> <span class='ocrx_word' id='word_1_247' title='bbox 969 3373 1107 3450; x_wconf 50' lang='lat' dir='ltr'>¹tantum</span> <span class='ocrx_word' id='word_1_248' title='bbox 1135 3386 1280 3470; x_wconf 91' lang='lat' dir='ltr'>corporis</span> <span class='ocrx_word' id='word_1_249' title='bbox 1310 3366 1438 3472; x_wconf 89' lang='lat' dir='ltr'>partem</span> 
     </span>
     <span class='ocr_line' id='line_1_28' title="bbox 95 3494 1437 3582; baseline 0.001 -24"><span class='ocrx_word' id='word_1_250' title='bbox 95 3499 210 3580; x_wconf 89' lang='lat' dir='ltr'>tegere</span> <span class='ocrx_word' id='word_1_251' title='bbox 232 3515 348 3580; x_wconf 89' lang='lat' dir='ltr'>posse,</span> <span class='ocrx_word' id='word_1_252' title='bbox 380 3495 408 3558; x_wconf 93' lang='lat' dir='ltr'>si</span> <span class='ocrx_word' id='word_1_253' title='bbox 437 3494 670 3576; x_wconf 88' lang='lat' dir='ltr'>circumicitur,</span> <span class='ocrx_word' id='word_1_254' title='bbox 701 3495 811 3580; x_wconf 87' lang='lat' dir='ltr'>itaque</span> <span class='ocrx_word' id='word_1_255' title='bbox 841 3502 874 3560; x_wconf 93' lang='lat' dir='ltr'>et</span> <span class='ocrx_word' id='word_1_256' title='bbox 903 3495 1111 3562; x_wconf 77' lang='lat' dir='ltr'>Chremetem</span> <span class='ocrx_word' id='word_1_257' title='bbox 1139 3497 1173 3560; x_wconf 91' lang='lat' dir='ltr'>in</span> <span class='ocrx_word' id='word_1_258' title='bbox 1195 3495 1331 3582; x_wconf 89' lang='lat' dir='ltr'>Blepyri</span> <span class='ocrx_word' id='word_1_259' title='bbox 1361 3519 1437 3562; x_wconf 90' lang='lat' dir='ltr'>con-</span> 
     </span>
     <span class='ocr_line' id='line_1_29' title="bbox 14 3605 1436 3693; baseline 0.006 -27"><span class='ocrx_word' id='word_1_260' title='bbox 14 3658 17 3666; x_wconf 89' lang='lat'><strong>.</strong></span> <span class='ocrx_word' id='word_1_261' title='bbox 94 3605 231 3671; x_wconf 87' lang='lat' dir='ltr'>sidentis</span> <span class='ocrx_word' id='word_1_262' title='bbox 265 3627 400 3692; x_wconf 88' lang='lat' dir='ltr'>corpore</span> <span class='ocrx_word' id='word_1_263' title='bbox 439 3606 600 3672; x_wconf 82' lang='lat' dir='ltr'>advers0²</span> <span class='ocrx_word' id='word_1_264' title='bbox 635 3613 808 3693; x_wconf 90' lang='lat' dir='ltr'>angustam</span> <span class='ocrx_word' id='word_1_265' title='bbox 841 3614 968 3672; x_wconf 87' lang='lat' dir='ltr'>tantum</span> <span class='ocrx_word' id='word_1_266' title='bbox 1007 3609 1159 3674; x_wconf 91' lang='lat' dir='ltr'>laciniam</span> <span class='ocrx_word' id='word_1_267' title='bbox 1192 3609 1314 3673; x_wconf 85' lang='lat' dir='ltr'>funesti</span> <span class='ocrx_word' id='word_1_268' title='bbox 1347 3610 1436 3674; x_wconf 91' lang='lat' dir='ltr'>illius</span> 
     </span>
    </p>
   </div>
   <div class='ocr_carea' id='block_1_3' title="bbox 90 3718 1333 4209">
    <p class='ocr_par' dir='ltr' id='par_1_3' title="bbox 90 3718 1333 3806">
     <span class='ocr_line' id='line_1_30' title="bbox 90 3718 1333 3806; baseline 0.003 -26"><span class='ocrx_word' id='word_1_269' title='bbox 90 3718 214 3801; x_wconf 88' lang='lat' dir='ltr'>coloris</span> <span class='ocrx_word' id='word_1_270' title='bbox 238 3719 427 3804; x_wconf 89' lang='lat' dir='ltr'>conspicere</span> <span class='ocrx_word' id='word_1_271' title='bbox 451 3756 493 3766; x_wconf 87' lang='lat'>-—</span> <span class='ocrx_word' id='word_1_272' title='bbox 514 3719 617 3782; x_wconf 90' lang='lat' dir='ltr'>multo</span> <span class='ocrx_word' id='word_1_273' title='bbox 641 3720 758 3784; x_wconf 91' lang='lat' dir='ltr'>melius</span> <span class='ocrx_word' id='word_1_274' title='bbox 780 3720 975 3804; x_wconf 90' lang='lat' dir='ltr'>intelligitur</span> <span class='ocrx_word' id='word_1_275' title='bbox 996 3720 1094 3784; x_wconf 87' lang='lat' dir='ltr'>vicini</span> <span class='ocrx_word' id='word_1_276' title='bbox 1118 3721 1280 3806; x_wconf 89' lang='lat' dir='ltr'>quaestio:</span> <span class='ocrx_word' id='word_1_277' title='bbox 1332 3779 1333 3784; x_wconf 73' lang='grc'>,</span> 
     </span>
    </p>

    <p class='ocr_par' dir='ltr' id='par_1_4' title="bbox 96 3817 813 3982">
     <span class='ocr_line' id='line_1_31' title="bbox 96 3817 813 3919; baseline 0.008 -29"><span class='ocrx_word' id='word_1_278' title='bbox 96 3826 141 3913; x_wconf 82' lang='lat' dir='ltr'>(v.</span> <span class='ocrx_word' id='word_1_279' title='bbox 165 3827 242 3914; x_wconf 81' lang='lat' dir='ltr'>aas)</span> <span class='ocrx_word' id='word_1_280' title='bbox 475 3893 486 3917; x_wconf 73' lang='lat'>‚</span> <span class='ocrx_word' id='word_1_281' title='bbox 525 3894 533 3919; x_wconf 72' lang='grc'><em>,</em></span> <span class='ocrx_word' id='word_1_282' title='bbox 809 3817 813 3825; x_wconf 86' lang='grc'><strong>“</strong></span> 
     </span>
     <span class='ocr_line' id='line_1_32' title="bbox 457 3921 612 3982; baseline 0.006 -19"><span class='ocrx_word' id='word_1_283' title='bbox 457 3921 533 3964; x_wconf 86' lang='grc' dir='ltr'><em>ειπε</em></span> <span class='ocrx_word' id='word_1_284' title='bbox 553 3921 612 3982; x_wconf 88' lang='grc' dir='ltr'>μοι</span> 
     </span>
    </p>

    <p class='ocr_par' dir='ltr' id='par_1_5' title="bbox 290 3997 1079 4096">
     <span class='ocr_line' id='line_1_33' title="bbox 290 3997 1079 4096; baseline 0.004 -22"><span class='ocrx_word' id='word_1_285' title='bbox 290 3997 344 4074; x_wconf 86' lang='grc' dir='ltr'>Ιτί</span> <span class='ocrx_word' id='word_1_286' title='bbox 365 4004 462 4076; x_wconf 79' lang='grc' dir='ltr'><em>τοῦτό</em></span> <span class='ocrx_word' id='word_1_287' title='bbox 485 4030 538 4075; x_wconf 91' lang='grc' dir='ltr'>σοι</span> <span class='ocrx_word' id='word_1_288' title='bbox 560 4005 599 4076; x_wconf 85' lang='grc' dir='ltr'>τὸ</span> <span class='ocrx_word' id='word_1_289' title='bbox 622 4004 745 4096; x_wconf 82' lang='grc' dir='ltr'><em>ποῤῥόν</em></span> <span class='ocrx_word' id='word_1_290' title='bbox 767 4007 872 4090; x_wconf 86' lang='grc' dir='ltr'><em>έστιν,·</em></span> <span class='ocrx_word' id='word_1_291' title='bbox 896 4003 935 4076; x_wconf 79' lang='grc' dir='ltr'>οίί</span> <span class='ocrx_word' id='word_1_292' title='bbox 955 4006 990 4094; x_wconf 90' lang='grc' dir='ltr'>τί</span> <span class='ocrx_word' id='word_1_293' title='bbox 1012 4035 1079 4077; x_wconf 87' lang='grc' dir='ltr'><em>που</em></span> 
     </span>
    </p>

    <p class='ocr_par' dir='ltr' id='par_1_6' title="bbox 310 4116 969 4209">
     <span class='ocr_line' id='line_1_34' title="bbox 310 4116 969 4209; baseline 0.003 -23"><span class='ocrx_word' id='word_1_294' title='bbox 310 4116 470 4207; x_wconf 81' lang='grc' dir='ltr'><em>Κινησίας</em></span> <span class='ocrx_word' id='word_1_295' title='bbox 492 4143 551 4188; x_wconf 88' lang='grc' dir='ltr'>σου</span> <span class='ocrx_word' id='word_1_296' title='bbox 573 4117 823 4209; x_wconf 80' lang='grc' dir='ltr'><em>κατατετίληκέν</em></span> <span class='ocrx_word' id='word_1_297' title='bbox 845 4127 969 4203; x_wconf 85' lang='grc' dir='ltr'><em>ποθεν,·</em></span> 
     </span>
    </p>
   </div>
   <div class='ocr_carea' id='block_1_4' title="bbox 95 4237 301 4246">
    <p class='ocr_par' dir='ltr' id='par_1_7' title="bbox 95 4237 301 4246">
     <span class='ocr_line' id='line_1_35' title="bbox 95 4237 301 4246; baseline 0 -2"><span class='ocrx_word' id='word_1_298' title='bbox 95 4237 301 4246; x_wconf 76' lang='lat'><em>----—-—--·-—--</em></span> 
     </span>
    </p>
   </div>
   <div class='ocr_carea' id='block_1_5' title="bbox 94 4290 1435 4620">
    <p class='ocr_par' dir='ltr' id='par_1_8' title="bbox 94 4290 1435 4620">
     <span class='ocr_line' id='line_1_36' title="bbox 184 4290 1433 4362; baseline 0.002 -18"><span class='ocrx_word' id='word_1_299' title='bbox 184 4295 192 4326; x_wconf 91' lang='lat'><strong>¹</strong></span> <span class='ocrx_word' id='word_1_300' title='bbox 211 4291 318 4345; x_wconf 79' lang='grc' dir='ltr'><em>ἐνδέειν</em></span> <span class='ocrx_word' id='word_1_301' title='bbox 340 4291 374 4344; x_wconf 93' lang='lat' dir='ltr'>de</span> <span class='ocrx_word' id='word_1_302' title='bbox 396 4290 514 4346; x_wconf 85' lang='lat' dir='ltr'>himatio</span> <span class='ocrx_word' id='word_1_303' title='bbox 537 4295 704 4362; x_wconf 85' lang='lat' dir='ltr'>usurpatum</span> <span class='ocrx_word' id='word_1_304' title='bbox 728 4291 837 4346; x_wconf 89' lang='lat' dir='ltr'>invenis</span> <span class='ocrx_word' id='word_1_305' title='bbox 859 4291 971 4346; x_wconf 77' lang='lat' dir='ltr'>helian.</span> <span class='ocrx_word' id='word_1_306' title='bbox 986 4292 1019 4345; x_wconf 89' lang='lat' dir='ltr'>V.</span> <span class='ocrx_word' id='word_1_307' title='bbox 1036 4293 1070 4346; x_wconf 94' lang='lat' dir='ltr'>H.</span> <span class='ocrx_word' id='word_1_308' title='bbox 1089 4293 1149 4347; x_wconf 88' lang='lat' dir='ltr'><strong>VII.</strong></span> <span class='ocrx_word' id='word_1_309' title='bbox 1169 4295 1194 4348; x_wconf 90' lang='grc'>6.</span> <span class='ocrx_word' id='word_1_310' title='bbox 1224 4293 1329 4362; x_wconf 77' lang='lat' dir='ltr'>Evaug.</span> <span class='ocrx_word' id='word_1_311' title='bbox 1349 4293 1433 4347; x_wconf 87' lang='lat' dir='ltr'>Marc.</span> 
     </span>
     <span class='ocr_line' id='line_1_37' title="bbox 95 4374 1435 4448; baseline 0 -16"><span class='ocrx_word' id='word_1_312' title='bbox 95 4396 117 4432; x_wconf 88' lang='lat' dir='ltr'>c.</span> <span class='ocrx_word' id='word_1_313' title='bbox 137 4377 178 4432; x_wconf 85' lang='lat'>15.</span> <span class='ocrx_word' id='word_1_314' title='bbox 196 4397 221 4431; x_wconf 89' lang='lat' dir='ltr'>v.</span> <span class='ocrx_word' id='word_1_315' title='bbox 241 4379 272 4430; x_wconf 76' lang='lat'>17</span> <span class='ocrx_word' id='word_1_316' title='bbox 291 4378 363 4443; x_wconf 91' lang='lat' dir='ltr'>(coll.</span> <span class='ocrx_word' id='word_1_317' title='bbox 381 4378 486 4448; x_wconf 84' lang='lat' dir='ltr'>Evang.</span> <span class='ocrx_word' id='word_1_318' title='bbox 498 4378 600 4433; x_wconf 90' lang='lat' dir='ltr'>Matth.</span> <span class='ocrx_word' id='word_1_319' title='bbox 619 4396 641 4432; x_wconf 92' lang='lat' dir='ltr'>e.</span> <span class='ocrx_word' id='word_1_320' title='bbox 655 4380 697 4432; x_wconf 70' lang='grc' dir='ltr'>θλ.</span> <span class='ocrx_word' id='word_1_321' title='bbox 717 4397 742 4432; x_wconf 84' lang='lat' dir='ltr'>v.</span> <span class='ocrx_word' id='word_1_322' title='bbox 755 4377 809 4446; x_wconf 74' lang='lat'><strong>28).</strong></span> <span class='ocrx_word' id='word_1_323' title='bbox 829 4374 966 4448; x_wconf 77' lang='grc' dir='ltr'><em>οἷμπέχειν</em></span> <span class='ocrx_word' id='word_1_324' title='bbox 983 4377 1017 4432; x_wconf 91' lang='lat' dir='ltr'>de</span> <span class='ocrx_word' id='word_1_325' title='bbox 1037 4378 1149 4432; x_wconf 79' lang='lat' dir='ltr'>chilone</span> <span class='ocrx_word' id='word_1_326' title='bbox 1167 4378 1288 4433; x_wconf 88' lang='lat' dir='ltr'>adhibiti</span> <span class='ocrx_word' id='word_1_327' title='bbox 1307 4379 1435 4448; x_wconf 86' lang='lat' dir='ltr'>exempla</span> 
     </span>
     <span class='ocr_line' id='line_1_38' title="bbox 94 4459 1433 4538; baseline 0.001 -22"><span class='ocrx_word' id='word_1_328' title='bbox 94 4463 197 4517; x_wconf 89' lang='lat' dir='ltr'>habeas</span> <span class='ocrx_word' id='word_1_329' title='bbox 214 4463 315 4516; x_wconf 80' lang='lat' dir='ltr'>Athen.</span> <span class='ocrx_word' id='word_1_330' title='bbox 328 4482 355 4532; x_wconf 93' lang='lat' dir='ltr'>p.</span> <span class='ocrx_word' id='word_1_331' title='bbox 367 4463 418 4518; x_wconf 82' lang='lat'>590</span> <span class='ocrx_word' id='word_1_332' title='bbox 428 4463 445 4518; x_wconf 86' lang='lat' dir='ltr'>f.</span> <span class='ocrx_word' id='word_1_333' title='bbox 461 4463 620 4538; x_wconf 81' lang='grc' dir='ltr'><em>(ἐχέσαρκον</em></span> <span class='ocrx_word' id='word_1_334' title='bbox 632 4463 686 4535; x_wconf 72' lang='grc' dir='ltr'>γαρ</span> <span class='ocrx_word' id='word_1_335' title='bbox 698 4464 829 4534; x_wconf 78' lang='grc' dir='ltr'><em>χιτώνιον</em></span> <span class='ocrx_word' id='word_1_336' title='bbox 844 4459 1008 4534; x_wconf 75' lang='grc' dir='ltr'><em>ἠμπείχετο)</em></span> <span class='ocrx_word' id='word_1_337' title='bbox 1026 4466 1055 4518; x_wconf 81' lang='lat' dir='ltr'>et</span> <span class='ocrx_word' id='word_1_338' title='bbox 1070 4465 1212 4520; x_wconf 82' lang='lat' dir='ltr'>Plutarch.</span> <span class='ocrx_word' id='word_1_339' title='bbox 1226 4464 1314 4518; x_wconf 82' lang='lat' dir='ltr'>Alcib.</span> <span class='ocrx_word' id='word_1_340' title='bbox 1325 4481 1346 4519; x_wconf 87' lang='lat' dir='ltr'>c.</span> <span class='ocrx_word' id='word_1_341' title='bbox 1358 4465 1398 4518; x_wconf 80' lang='lat'>32.</span> <span class='ocrx_word' id='word_1_342' title='bbox 1409 4466 1433 4518; x_wconf 82' lang='lat'>2.</span> 
     </span>
     <span class='ocr_line' id='line_1_39' title="bbox 94 4547 1434 4620; baseline 0.001 -18"><span class='ocrx_word' id='word_1_343' title='bbox 94 4548 190 4603; x_wconf 89' lang='lat' dir='ltr'>Moral.</span> <span class='ocrx_word' id='word_1_344' title='bbox 204 4549 255 4602; x_wconf 80' lang='lat'>596</span> <span class='ocrx_word' id='word_1_345' title='bbox 272 4548 341 4602; x_wconf 89' lang='lat' dir='ltr'>D-</span> <span class='ocrx_word' id='word_1_346' title='bbox 354 4547 403 4616; x_wconf 88' lang='lat' dir='ltr'>qui</span> <span class='ocrx_word' id='word_1_347' title='bbox 421 4550 582 4619; x_wconf 87' lang='lat' dir='ltr'>ceteroquin</span> <span class='ocrx_word' id='word_1_348' title='bbox 600 4552 693 4604; x_wconf 71' lang='lat' dir='ltr'>seruat</span> <span class='ocrx_word' id='word_1_349' title='bbox 711 4549 858 4604; x_wconf 91' lang='lat' dir='ltr'>discrimen</span> <span class='ocrx_word' id='word_1_350' title='bbox 872 4566 980 4614; x_wconf 85' lang='lat' dir='ltr'>vocum,</span> <span class='ocrx_word' id='word_1_351' title='bbox 999 4549 1046 4604; x_wconf 82' lang='lat' dir='ltr'>cfr.</span> <span class='ocrx_word' id='word_1_352' title='bbox 1066 4549 1170 4620; x_wconf 81' lang='lat' dir='ltr'>Agesil.</span> <span class='ocrx_word' id='word_1_353' title='bbox 1183 4569 1205 4608; x_wconf 91' lang='lat' dir='ltr'>c.</span> <span class='ocrx_word' id='word_1_354' title='bbox 1226 4551 1266 4606; x_wconf 84' lang='lat'>14.</span> <span class='ocrx_word' id='word_1_355' title='bbox 1285 4551 1326 4604; x_wconf 82' lang='lat'>36.</span> <span class='ocrx_word' id='word_1_356' title='bbox 1357 4551 1434 4605; x_wconf 87' lang='lat' dir='ltr'>Aem.</span> 
     </span>
    </p>
   </div>
   <div class='ocr_carea' id='block_1_6' title="bbox 94 4634 1011 4789">
    <p class='ocr_par' dir='ltr' id='par_1_9' title="bbox 94 4634 1011 4789">
     <span class='ocr_line' id='line_1_40' title="bbox 178 4634 327 4688; baseline -0.02 0"><span class='ocrx_word' id='word_1_357' title='bbox 178 4677 183 4688; x_wconf 94' lang='lat'><strong>.</strong></span> <span class='ocrx_word' id='word_1_358' title='bbox 218 4675 224 4687; x_wconf 87' lang='lat'><strong>.</strong></span> <span class='ocrx_word' id='word_1_359' title='bbox 243 4634 259 4687; x_wconf 89' lang='lat'><strong>3</strong></span> <span class='ocrx_word' id='word_1_360' title='bbox 279 4675 284 4688; x_wconf 94' lang='lat'><strong>.</strong></span> <span class='ocrx_word' id='word_1_361' title='bbox 304 4634 327 4686; x_wconf 90' lang='lat'>1.</span> 
     </span>
     <span class='ocr_line' id='line_1_41' title="bbox 94 4634 1011 4789; baseline 0.005 -18"><span class='ocrx_word' id='word_1_362' title='bbox 94 4635 243 4774; x_wconf 60' lang='lat' dir='ltr'>Pauu²cln</span> <span class='ocrx_word' id='word_1_363' title='bbox 260 4634 403 4775; x_wconf 74' lang='lat' dir='ltr'>ddverso</span> <span class='ocrx_word' id='word_1_364' title='bbox 422 4735 545 4789; x_wconf 85' lang='lat' dir='ltr'>corpore:</span> <span class='ocrx_word' id='word_1_365' title='bbox 570 4719 698 4788; x_wconf 84' lang='lat' dir='ltr'>pathicus</span> <span class='ocrx_word' id='word_1_366' title='bbox 717 4719 790 4774; x_wconf 89' lang='lat' dir='ltr'>enim</span> <span class='ocrx_word' id='word_1_367' title='bbox 810 4723 852 4774; x_wconf 88' lang='lat' dir='ltr'>est</span> <span class='ocrx_word' id='word_1_368' title='bbox 871 4719 1011 4788; x_wconf 78' lang='grc' dir='ltr'><em>Κινησίαςι</em></span> 
     </span>
    </p>
   </div>
   <div class='ocr_carea' id='block_1_7' title="bbox 0 0 1548 5152">
    <p class='ocr_par' dir='ltr' id='par_1_10' title="bbox 0 0 1548 5152">
     <span class='ocr_line' id='line_1_42' title="bbox 0 0 1548 5152; baseline 0 2"><span class='ocrx_word' id='word_1_369' title='bbox 0 0 1548 5152; x_wconf 95' lang='lat' dir='ltr'> </span> 
     </span>
    </p>
   </div>
  </div>
 </body>
</html>
