3086 5152
661 253 871 322 “ld——

87 446 308 534 diploidiirm.1
359 448 492 534 Ergone
523 447 686 534 deplicata
715 479 756 497 -e
787 448 894 532 capite
927 445 1031 512 altero
1063 443 1261 534 perlustrato
1291 448 1435 512 fumasse

87 559 239 642 ignosces
264 551 439 642 ἇμοριδρῳ
462 556 537 622 huic
560 559 632 622 voci
655 593 696 606 -—
721 558 779 622 illa
802 579 821 621 a
845 558 974 622 chilone
997 559 1131 644 proprio
1155 580 1230 644 pars
1250 563 1311 640 est,
1335 563 1436 645 quam

88 690 108 732 a
124 669 253 733 chilone
272 675 527 755 separaverunt?
562 669 629 734 Sed
650 674 811 754 nusquam
833 669 965 734 credam
986 669 1132 754 linguam
1146 670 1311 753 vigentem
1327 671 1437 736 adhuc

87 779 227 844 necdum
251 786 479 846 senescentem
503 786 570 844 tam
593 779 782 864 languidam
805 786 937 864 tamque
961 780 1135 846 obscuram
1158 782 1436 866 significationem

88 891 265 972 invenisse,
290 912 373 976 quae
397 891 431 956 in
456 913 491 956 se
514 891 641 956 habeat
657 893 934 978 repugnantiam,¹
954 893 1073 978 quippe
1096 893 1222 958 tollitur
1244 889 1437 960 διπλοίδιον

90 1003 178 1066 vocis
202 1003 292 1066 notio
315 994 414 1089 ἡμι-2
438 1003 503 1067 111ο.
556 1003 660 1068 Immo
684 1003 808 1088 duplex
831 1009 864 1067 et
886 1003 1153 1088 hemidiploidion
1176 1005 1275 1069 fuerit
1297 1025 1436 1070 necesse

92 1119 157 1194 est,
181 1113 268 1198 quod
292 1135 331 1178 ea
352 1119 479 1178 tantum
503 1113 543 1178 de
567 1135 667 1178 eausa
689 1114 895 1178 dimidiatum
913 1115 1090 1180 vocabatur
1112 1115 1200 1200 diple
1224 1116 1327 1197 idion,
1358 1117 1437 1201 quia

94 1225 227 1292 dimidio
255 1225 385 1290 brevior
414 1233 498 1307 erat,
531 1247 627 1310 quam
659 1227 863 1312 diploidium.
907 1227 982 1292 Hoc
1011 1229 1115 1292 talare
1147 1218 1208 1308 est,
1237 1226 1318 1292 illud
1348 1228 1437 1292 circa

94 1357 202 1422 genua
228 1337 297 1401 fere
322 1337 459 1401 desinit:
497 1340 649 1423 exemplo
685 1339 745 1402 tibi
761 1377 762 1380 =
781 1339 845 1402 sint
880 1337 1030 1402 Minerva
1061 1340 1095 1400 in
1125 1339 1267 1403 vasculis
1308 1338 1436 1402 duobus

91 1447 376 1512 Beroliuensibus:
400 1448 440 1512 A.
458 1449 494 1512 Z.
517 1449 675 1514 XXXIV.
701 1452 793 1514 1876.
814 1456 836 1514 t.
857 1454 905 1527 ll,
929 1434 1107 1530 Benndorf,
1134 1449 1258 1514 Grteca
1271 1450 1342 1514 ιιιιδ
1355 1449 1436 1513 sicil.

99 1559 193 1623 V.·B.
217 1565 240 1622 t.
254 1562 304 1626 27.
328 1561 357 1640 3,
382 1557 458 1624 dein
480 1559 529 1622 M.
543 1561 607 1623 al.
623 1560 664 1624 X.
683 1566 705 1622 t.
719 1565 770 1624 54.
809 1562 870 1626 Est
885 1581 963 1645 ergo
981 1563 1135 1646 superula
1151 1561 1312 1646 quaedam
1329 1561 1437 1626 herni-

93 1671 286 1758 diploidion:
311 1671 396 1734 hanc
419 1677 518 1736 noctu
541 1671 734 1757 deposuisse
757 1673 913 1737 mulieres
936 1671 1024 1736 haud
1047 1673 1216 1754 absonum,
1240 1672 1348 1753 credo,
1374 1679 1438 1754 est,

92 1783 239 1867 nihilque
268 1783 420 1868 impedit,
455 1785 628 1868 quominus
657 1805 760 1869 prope
788 1785 909 1848 lectum
941 1805 1014 1847 eam
1042 1783 1235 1868 deposuisse
1264 1785 1337 1850 illas
1369 1789 1439 1848 sta-

96 1901 236 1960 tuamus.
283 1894 392 1963 Cietae
407 1895 505 1967 enim
528 1895 703 1960 vestiariae
721 1895 903 1960 ‘abhorrere
917 1895 1005 1958 mihi
1028 1895 1180 1960 videntur
1203 1916 1223 1960 a
1244 1895 1380 1980 Blepyri
1404 1901 1441 1959 et

97 2007 207 2069 uxoris
233 2005 433 2087 condicione,
458 2007 513 2089 qui
530 2006 706 2070 dormitent
728 2007 872 2070 hi'rnatiis
886 2028 954 2092 ¹pro
978 2007 1150 2102 opertoriis
1172 2013 1273 2100 noctu
1295 2012 1440 2087 utentes,

96 2119 151 2202 qui
181 2139 329 2204 gravem
346 2119 505 2182 iacturam
531 2119 652 2188 ducant
680 2119 821 2184 triobolo
853 2120 1078 2184 ecclesiastico
1107 2120 1228 2204 privari
1258 2117 1303 2204 (v.
1321 2121 1440 2202 391sq.

95 2250 126 2316 y.
147 2226 235 2314 547),
267 2229 321 2313 qui
345 2230 475 2314 singula
497 2235 624 2294 tantum
647 2230 782 2294 himatia
803 2230 996 2316 possideant
1018 2267 1059 2278 -
1082 2231 1221 2296 maritus·
1243 2228 1372 2315 quidem
1396 2265 1441 2276 —

96 2339 140 2425 (v.
159 2339 247 2424 353).
273 2378 311 2389 -
337 2340 390 2404 Ac
410 2343 621 2424 grammatici·
636 2363 765 2427 quoque
790 2343 872 2406 illud
892 2334 972 2430 ἡμι-
990 2348 1101 2407 nostro
1119 2364 1218 2408 sensu
1232 2342 1441 2428 interpretati

97 2472 170 2516 esse
186 2450 349 2533 videntur,
375 2454 402 2516 si
419 2453 550 2537 quidem
565 2455 689 2518 habent
708 2505 714 2518 .
730 2505 737 2519 .
752 2506 757 2517 .
771 2449 907 2538 βραχὺ
925 2451 1123 2541 πορίβλημοι,Ι
1145 2443 1165 2520 δ
1178 2486 1248 2519 ..1.
1263 2451 1443 2542 ,φοροῦσιν

94 2555 173 2628 ὑπὸ
196 2557 263 2650 τὸν
285 2557 410 2648 μηρόν
433 2562 584 2650 (Photius
607 2568 729 2650 112611.
760 2565 881 2647 Nabar,
905 2567 1012 2650 Etym.
1029 2566 1139 2652 Magn.
1162 2589 1192 2652 p.
1215 2569 1287 2631 430.
1308 2562 1363 2649 46)
1391 2570 1440 2628 et:

101 2667 233 2756 iradetur
272 2669 420 2760 μικρόν,
460 2672 666 2760 (Hesych.).³
722 2673 961 2756 Grammaticos
996 2697 1069 2739 curn
1104 2695 1371 2754 commemorem,
1406 2675 1443 2736 in
1529 2735 1530 2752 ,

99 2790 243 2854 mentem
275 2785 354 2848 mihi
382 2787 487 2865 venit,
522 2785 608 2871 quod
646 2787 733 2850 sicco
769 2785 853 2870 pede
890 2807 944 2850 eos
979 2787 1164 2851 transierim
1191 2769 1444 2874 ἡμιδιπλοίδιον
1529 2783 1530 2858 l

99 2897 258 2986 himation
282 2919 357 2983 esse
381 2898 545 2964 docentes.
593 2892 687 2972 Quod
710 2919 751 2962 ne
776 2899 828 2962 cui
843 2899 940 2988 nimis
957 2901 1167 2964 temerarium
1182 2897 1332 2961 videatur
1355 2917 1443 2977 esse,

99 3030 280 3095 proponam
303 3009 606 3094 interpretationem
629 3008 733 3093 ipsam
747 3029 879 3094 quoque
896 3007 937 3071 ad
953 3005 1224 3094 hemidiploidion
1239 3013 1445 3094 spectantem

100 3121 246 3186 eiusdem
277 3119 489 3204 grammatici.
537 3117 622 3192 Quid
651 3117 784 3182 tandem
811 3116 893 3182 illud
921 3111 1011 3182 ἔνδον
1042 3140 1068 3182 s.
1097 3112 1231 3182 ἔνδοθεν
1253 3117 1326 3202 (cfr.
1349 3139 1382 3202 p.
1403 3121 1443 3179 10
1528 3163 1530 3210 ,

100 3255 131 3298 n.
149 3233 182 3316 2)
215 3233 277 3298 sibi
300 3232 386 3300 nelle
415 3236 534 3315 putas?
580 3230 643 3294 An.
665 3229 725 3294 sub
754 3229 818 3292 alia
841 3235 934 3294 veste
963 3228 1044 3293 illud
1071 3235 1235 3314 gestatum
1258 3233 1353 3294 esse?
1398 3228 1445 3292 At

193 3475 201 3504 1
220 3471 319 3543 Neque
342 3469 416 3522 enim
435 3468 543 3522 Goellio
562 3467 768 3521 assentiendum
793 3469 874 3536 puto,
900 3467 949 3535 qui
975 3467 1103 3537 (Becker,
1125 3467 1266 3536 Charicles,
1286 3467 1377 3521 Bauer
1394 3468 1445 3521 clt-

102 3555 196 3623 9riecb.
215 3554 278 3608 Sira
295 3557 351 3608 δι’
370 3555 411 3607 ΙΙΙ
429 3571 455 3623 p.
468 3554 531 3621 223)
555 3553 627 3605 illud
644 3551 709 3621 ἡμι-
727 3569 784 3606 non
808 3552 921 3622 proprio
940 3569 1022 3606 sensu
1041 3553 1146 3606 dictum
1164 3552 1325 3618 arbitratur,
1349 3551 1397 3606 sed
1414 3552 1446 3604 in

105 3654 137 3694 eo
155 3639 197 3693 nil
214 3635 292 3693 ridet
310 3639 364 3692 nisi
382 3639 479 3706 „cinca
496 3637 650 3704 canutum
668 3637 758 3690 debera
779 3637 823 3690 διο
841 3638 982 3706 Blepyrac,
1002 3638 1039 3690 da
1056 3637 1169 3692 δοοοδδο
1186 3639 1240 3692 aa
1255 3639 1304 3704 su'r
1320 3637 1361 3690 dic
1378 3637 1447 3692 bulte

103 3725 194 3780 Nacbt
212 3742 246 3779 au
264 3725 348 3792 wcuip
365 3725 425 3777 ist“.
461 3725 560 3792 Neque
580 3723 667 3787 enim,
690 3725 723 3776 ut
735 3723 774 3776 'de
792 3723 862 3776 miro
880 3723 955 3777 vocis
973 3724 1038 3794 ἡμι-
1057 3729 1109 3778 usu
1127 3725 1249 3788 taceam,
1268 3723 1298 3776 in
1316 3725 1378 3776 tota
1394 3723 1446 3782 illa

104 3827 203 3864 scaena
215 3811 351 3880 Blepyrus
369 3826 492 3878 unquam
506 3807 654 3877 defrigere
673 3808 799 3876 queritur
804 3829 810 3872 ;
830 3808 930 3863 sivero
948 3811 1059 3878 praeter
1076 3811 1181 3864 ceteras
1199 3809 1341 3862 molestias
1359 3808 1446 3862 etiam

104 3896 207 3965 frigore
230 3897 405 3950 laborantem
429 3895 635 3964 illum-fingere
659 3893 793 3948 voluisset
811 3893 1023 3962 Aristophanes,
1050 3894 1142 3963 ipsum
1165 3895 1217 3948 hac
1239 3893 1274 3948 de
1292 3911 1322 3948 re
1340 3895 1446 3970 lamen-

105 3985 212 4036 tantem
230 3982 351 4036 fecisset!
389 3982 442 4047 Qui
461 3981 535 4035 enim
554 3998 571 4034 a
593 3979 798 4049 spectatoribus
821 3981 957 4050 postulari
979 3983 1086 4049 potest,
1110 3983 1143 4034 nt
1165 3980 1339 4049 Praxagorae
1361 3973 1447 4034 verba

105 4085 130 4122 v.
144 4069 206 4122 539:
225 4070 315 4136 ψῦχος
326 4068 380 4137 γάρ
397 4057 440 4136 ἦν,
459 4067 514 4136 ἐγώ
530 4067 560 4118 δὲ
573 4067 656 4135 λεπτή
674 4062 819 4136 κάσθενής·
838 4062 925 4119 ἕποιθ’
937 4063 971 4118 ἵν’
990 4061 1151 4136 ἀλεαίνοιμι,
1170 4061 1242 4119 τοῦτ’
1257 4062 1446 4136 ἠμποσχόμην,

105 4153 135 4206 in
154 4154 255 4222 quibus
273 4154 335 4207 unis
354 4153 389 4207 de
407 4153 511 4222 frigore
529 4153 619 4206 noctis
637 4153 739 4222 agitur,
760 4153 941 4222 praesagierit
959 4171 984 4206 v.
997 4152 1068 4206 317?

194 4262 204 4292 ²
223 4257 337 4309 Prorsus
360 4256 516 4324 separanda
540 4255 614 4308 enim
642 4256 677 4309 ab
701 4257 755 4310 hac
777 4255 934 4322 locutione,
967 4273 1039 4323 quae
1062 4255 1195 4310 sermonis
1219 4255 1354 4310 cotidiani
1379 4259 1448 4320 erat,

107 4343 268 4412 excogitata
280 4341 330 4395 illa
343 4357 472 4408 mareque
484 4341 612 4394 technica
624 4341 733 4395 Timaei
746 4341 897 4407 Locrensis,
915 4341 964 4409 qui
974 4344 1078 4396 certam
1091 4340 1232 4410 quandam
1243 4340 1448 4409 triangulorum

107 4429 226 4498 speciem
245 4427 489 4496 ,,ιὶμιτειριὶγωνα“
509 4429 602 4490 vocat,
631 4425 703 4498 [περὶ
723 4428 813 4495 ψυχῆς
830 4426 924 4498 κόσμω
947 4426 993 4479 καὶ
1011 4427 1121 4496 φύσιος,
1147 4428 1171 4480 5.
1189 4425 1320 4480 Mullach.
1338 4426 1449 4494 Fciam.

110 4514 207 4568 Pindos.
230 4513 321 4568 Gracc.
340 4513 368 4566 II
385 4531 412 4581 p.
424 4513 479 4580 41].
515 4511 608 4580 Atque
631 4512 706 4565 idem
729 4513 786 4566 alia
804 4514 941 4582 quaedam
959 4513 1103 4581 triangula
1122 4511 1294 4581 δμιτρίγωνα
1311 4511 1449 4567 nominat.

197 4618 207 4648 ³
226 4615 278 4669 cfr.
297 4615 414 4682 Hesych.
434 4616 463 4667 et
482 4613 558 4667 Suid.
577 4632 598 4668 s.
616 4632 642 4668 v.
660 4614 823 4687 ἡμιφάριον·
842 4615 927 4686 ἥμισυ
945 4615 1063 4686 ἱματίου.
1083 4647 1115 4653 -
1135 4613 1219 4666 Locos
1238 4613 1274 4666 ad
1292 4613 1449 4683 ἡμιδιπλοί-

109 4701 168 4754 διον
189 4702 346 4771 spectantes
364 4719 389 4753 v.
408 4718 434 4768 p.
449 4700 483 4753 10
500 4701 558 4752 not.
577 4700 600 4750 2.

1529 4425 1530 4464 l

1528 4473 1530 4548 l

1529 4549 1530 4590 l
