3086 5152
107 450 193 514 Tum
215 450 354 516 visinus:

106 559 156 644 (v.
173 561 250 646 333)

323 640 365 714 τὸ
389 641 420 713 δ’
447 643 613 731 ἱμάτιόν
636 669 710 714 σου
733 649 813 715 ποῦ
836 651 953 732 ’συινς

107 757 287 844 respondet
308 759 488 845 Blepyrus:

107 872 153 952 (v.
172 869 248 954 333)

728 952 788 1024 οὐκ
809 954 871 1040 ἔχω
895 952 1031 1045 φράσαι,

206 1139 208 1142 ,
322 1065 425 1152 ζητῶν
447 1061 507 1153 γὰρ
531 1059 603 1132 αἴν’
630 1061 688 1150 οὐχ
710 1055 802 1154 εὗρον
823 1067 857 1134 ἐν
877 1073 949 1148 τοῖς
971 1063 1167 1154 στρώμασιν.

105 1180 218 1258 v.,372
241 1177 398 1244 Chremes
422 1200 464 1243 ex
487 1179 629 1244 eoelesia
652 1179 782 1244 rediens
805 1181 927 1265 prodit:
951 1179 1131 1266 Blepyrum
1152 1181 1333 1247 miserrime
1355 1181 1448 1245 labo-

105 1297 234 1356 rantem
259 1289 326 1371 (ofr.
350 1312 402 1353 vv.
419 1292 478 1354 361
492 1312 540 1375 sq.
564 1290 694 1376 369sq.)
720 1293 893 1378 conspicit,
907 1293 1063 1378 appellat
1086 1314 1160 1360 oum
1184 1293 1226 1375 (v.
1244 1292 1320 1376 372)
1344 1279 1447 1371 οὗτος,

105 1399 142 1468 τί
164 1404 288 1484 ποιεῖς,·
311 1393 350 1467 oli
371 1396 405 1466 υἱ
427 1424 494 1467 που
515 1398 632 1482 χεζειςς
656 1401 731 1468 dein
754 1404 910 1468 miratus:

110 1512 156 1598 (v.
174 1510 251 1598 374)
324 1591 368 1664 τό
395 1598 464 1685 τῆς
492 1593 676 1683 γυναικὸς
704 1599 738 1664 δ’
766 1593 944 1683 ἀμπέχει
970 1596 1178 1682 χιτώνιον,·

108 1717 142 1775 et
166 1715 271 1774 astute
295 1709 473 1796 Blepyrus:

107 1825 154 1910 (v.
173 1819 249 1907 375)

325 1903 358 1970 ἐν
379 1908 427 1994 τῷ
450 1901 557 1993 σκότῳ
580 1902 641 1992 γὰρ
662 1900 747 1972 aodu'
774 1901 885 1989 ἔτυχον
908 1902 999 1973 ἔνδον
1021 1901 1139 1992 λαβών.

107 2037 192 2104 Tum
215 2037 270 2102 ille
294 2041 423 2116 narrat,
456 2057 553 2120 quam
581 2037 662 2099 mira
691 2035 789 2101 fuerit
812 2037 968 2118 ecelesia,
999 2043 1032 2102 at
1056 2057 1153 2121 quam
1177 2037 1355 2121 singularia
1377 2039 1447 2122 pla-

12 2163 16 2169 ’
108 2149 235 2215 suerint
257 2147 387 2212 senatui
412 2148 598 2232 populoque
620 2145 873 2214 Atheniensium
901 2146 1084 2232 (usquead
1108 2170 1192 2214 vers.
1215 2148 1303 2232 476).
1351 2147 1446 2212 Post-

108 2281 206 2346 quam
229 2260 352 2340 exiere,
377 2259 495 2324 ohorus
519 2260 693 2324 mulierum
716 2259 810 2340 redit,
834 2259 994 2344 paredum
1018 2265 1138 2340 cantat,
1163 2281 1237 2323 oum
1259 2260 1449 2346 Praxagora

108 2392 215 2457 pauca
238 2369 398 2456 quaedam
421 2371 523 2436 verba
546 2375 724 2436 commutat
747 2371 790 2456 (v.
812 2370 1019 2456 478-519).
1070 2371 1132 2436 Oui
1162 2369 1291 2436 domum
1315 2371 1449 2436 intranti

107 2482 242 2547 maritus
259 2482 390 2547 obviam
405 2482 496 2546 venit
511 2482 790 2566 acerbissimeque
806 2483 840 2546 in
858 2503 930 2546 eam
945 2483 1093 2547 invectus
1111 2521 1152 2530 —
1167 2482 1345 2568 pessimum
1361 2483 1447 2545 enim

107 2593 257 2680 quodque
288 2593 490 2678 suspicatur,
520 2629 561 2638 -
590 2593 734 2676 quaerit,
766 2592 899 2658 ubinam
927 2593 1044 2657 fuerit?
1089 2589 1226 2658 Amioae
1255 2594 1449 2680 parturienti

108 2726 183 2770 sese
207 2705 400 2769 subvenisse
424 2703 482 2766 illa
505 2702 693 2788 respondet.
738 2702 821 2766 Tum
843 2702 1023 2788 Blepyrus:

147 2867 154 2882 .
214 2820 232 2878 5

110 2817 144 2900 (v
172 2818 211 2880 53
235 2815 246 2902 l
323 2893 378 2966 εἶν’
405 2891 442 2965 οὐ
465 2894 503 2964 τὸ
527 2899 650 2986 σαυτῆς
673 2892 804 2981 ἱμάτιον
828 2896 921 2987 ἐχρῆν
944 2891 971 2964 α’
997 2894 1095 2981 ibaar,-

325 3004 408 3076 ἀλλ’
434 3003 493 3094 ἔμ’
519 3003 761 3092 ἀποδύσασ’,
786 3007 1038 3095 ἐπιβαλοῦσα
1060 3004 1318 3097 τοῦγκυκλον,

323 3117 408 3212 ᾤχου
431 3115 646 3188 καταλιποῦἅ
673 3116 815 3209 ὡσπερεὶ
837 3119 1060 3208 προκείμενον,

321 3231 420 3320 μόνον
443 3229 480 3301 οὗ
503 3228 729 3323 συεφανώσασ’
756 3227 827 3301 οὐδ’
854 3233 1015 3301 ἐπιθεῖσα
1037 3230 1190 3324 λήκυθον.

107 3349 153 3414 At
175 3371 241 3414 non
263 3348 391 3413 laborat
414 3349 529 3414 sollers
552 3349 743 3432 Praxagora
765 3348 806 3413 de
830 3348 1060 3413 excusatione:

108 3461 155 3548 (v.
170 3458 246 3543 sss)

323 3546 429 3633 ψῦχος
449 3539 509 3632 γὰρ
531 3533 579 3633 ἦν,
604 3541 666 3630 ἐγὼ
689 3545 724 3611 δε
746 3540 849 3633 λεπτὴ
873 3537 1046 3632 κάσθενής·

323 3659 390 3726 κυλ.
652 3676 658 3682 ·

194 3788 245 3852 En
269 3789 395 3870 omnia,
428 3809 511 3873 quae
541 3786 582 3850 ad
609 3785 839 3872 diploidiorum
867 3787 1005 3850 formam
1034 3785 1293 3870 cognoscendam
1316 3785 1446 3849 fortuna

108 3899 204 3964 nobis
228 3901 402 3966 concessit.

196 4029 287 4103 Quae
310 4030 498 4115 priusquam
520 4035 707 4108 traotamus,
732 4048 750 4090 e
773 4048 809 4091 re
833 4047 905 4091 esse
928 4024 1055 4089 videtur
1078 4024 1273 4089 examinatis
1294 4024 1334 4090 iis
1355 4025 1445 4106 loeis,

106 4143 140 4204 in
163 4142 280 4226 quibus
303 4143 430 4226 enoyoli
452 4163 483 4205 v.
501 4143 563 4204 536
587 4139 830 4205 commemorati
857 4138 977 4202 mentio
1000 4138 1048 4215 fit,
1078 4136 1269 4202 confirmare
1298 4135 1330 4202 id
1360 4137 1447 4220 quod

106 4253 185 4316 lieet
207 4253 371 4338 plerisque
396 4251 517 4316 dudum
540 4252 712 4336 probatum
736 4251 788 4330 sit,
812 4255 921 4314 tamen
943 4269 1009 4312 non
1032 4247 1182 4312 omnibus
1206 4248 1284 4310 satis
1309 4253 1446 4329 constat,

107 4363 232 4427 seilicet
265 4357 416 4448 ἔγκυκλον
449 4383 523 4427 esse
552 4361 709 4425 himation
742 4360 914 4444 quoddam.
971 4358 1065 4432 Quod
1094 4358 1270 4422 verisimile
1300 4357 1447 4423 redditur

107 4474 239 4540 Thesm.
262 4495 293 4538 v.
317 4477 437 4557 499sq.
465 4473 499 4536 in
530 4471 646 4556 quibus
675 4470 887 4552 describitur,
922 4469 1082 4556 quomodo
1116 4468 1235 4532 mulier
1267 4468 1396 4533 moechi
1427 4491 1445 4533 e

107 4585 254 4648 oonolavi
286 4585 447 4649 elabentis
480 4584 593 4667 fugam
625 4603 663 4645 eo
698 4582 834 4662 texerit,
872 4587 908 4644 ut
939 4580 1009 4644 viro
1040 4571 1095 4644 λα’
1126 4571 1228 4664 αὐγὰς
1263 4577 1445 4644 ostenderit

108 4696 295 4782 snoyolum:
420 4785 422 4790 Α
