3086 5152
682 302 872 368 ..3,

191 488 285 556 Haec
310 490 418 556 omnia
439 513 505 556 non
527 491 601 556 ideo
618 493 835 578 exponebam,
859 513 897 556 ac
921 493 950 558 si
965 508 1051 557 nova
1074 491 1191 558 docere
1207 493 1336 559 vellem.
1371 495 1441 560 Iam

106 618 228 683 dodum
250 621 337 684 enim
360 642 424 685 non
448 621 552 686 solum
576 621 894 686 ostenderunt'viam
921 623 1017 687 modo
1040 622 1238 687 delineatam
1264 623 1321 687 sed
1345 624 1444 688 etiam

106 746 198 811 firmo
222 748 306 832 pede
323 769 363 813 ea
377 749 547 834 praeivere
562 751 623 813 viri
648 751 772 834 egregii
796 748 907 814 Oonze
920 756 953 816 et
968 750 1104 835 Helbig.
1142 750 1287 823 Quorum
1303 753 1446 838 vestigia

104 881 238 940 secutus
261 877 333 960 ipsc
356 877 433 960 quid
455 879 489 941 in
512 899 547 942 re
570 878 725 943 vestiaria
741 879 854 943 Attica
878 879 924 942 sic
947 879 1119 943 tractanda
1142 879 1228 944 effici
1250 881 1362 966 possit,
1386 902 1444 945 ex-

106 1003 225 1088 periar,
248 1004 308 1068 illa
330 1005 496 1089 praefatus
519 1011 555 1070 ut
578 1011 701 1070 rectam
723 1007 809 1071 viam
832 1027 883 1071 me
906 1028 1005 1072 nosse
1029 1008 1146 1072 saltem
1170 1008 1262 1072 scias.
1286 1046 1327 1056 —

190 1131 235 1196 Et
256 1131 397 1218 primum
422 1133 553 1218 quidem
576 1156 672 1200 voces
696 1135 853 1219 quasdam
874 1135 1074 1200 difficiliores
1098 1135 1265 1220 explicare
1290 1137 1444 1218 conabor,

104 1260 180 1325 dein
195 1263 336 1326 vestitus
352 1262 520 1327 muliebris
535 1262 720 1329 Atticorum
734 1286 839 1349 usque
861 1264 902 1328 ad
917 1265 1100 1330 Pericleam
1116 1270 1257 1329 aetatem
1278 1265 1459 1330 historiam

105 1392 264 1455 extremis
284 1391 494 1456 lineamentis
518 1391 713 1457 describam.
752 1393 937 1457 Muliebris:
961 1415 1036 1457 nam
1060 1414 1133 1456 oum
1157 1393 1235 1456 satis
1255 1394 1380 1478 largam
1403 1395 1444 1458 ad

103 1519 248 1584 rationes
277 1520 414 1584 vestitus
443 1519 675 1603 intelligendas
709 1518 895 1596 materiem¹
913 1519 967 1582 ille
996 1519 1186 1603 praeberet,
1217 1539 1256 1582 eo
1284 1541 1335 1584 me
1366 1541 1442 1585 con-

103 1651 260 1716 tinebam.
290 1649 356 1716 Sed
370 1651 448 1714 licet
464 1650 622 1714 arctiores
637 1649 717 1712 mihi
733 1649 962 1734 descripserim
978 1647 1070 1728 fines,
1086 1652 1196 1710 tamen
1213 1647 1292 1712 satis
1307 1669 1444 1734 magnus

105 1780 240 1843 relictus
264 1785 316 1844 est
332 1801 466 1866 campus
491 1785 525 1844 et
547 1779 737 1844 immensior
760 1785 848 1844 certe
864 1779 978 1858 multo,
1002 1797 1098 1861 quam
1122 1796 1218 1860 quem
1233 1798 1319 1842 nuno
1341 1784 1443 1843 totum

102 1907 248 1972 funditus
279 1929 432 1994 perorare
463 1909 634 1992 potuerim.
679 1908 724 1971 Ut
753 1909 781 1972 si
803 1908 889 1971 hunc
919 1907 1010 1970 illum
1039 1907 1164 1969 sulcum
1190 1910 1280 1969 recte
1308 1905 1442 1972 duxisse

101 2038 206 2119 dicar,
235 2037 314 2101 satis
339 2042 527 2101 contentum
550 2059 603 2101 me
627 2037 696 2102 fore
720 2037 883 2122 profitear.
