3086 5152
688 268 900 330 ..23-

209 451 318 518 Venio
347 474 433 518 nuuc
461 455 502 518 ad
530 449 628 535 χιτών
650 461 683 520 et
705 448 863 536 χιτώνιον.
908 455 1052 530 Quorum
1075 457 1130 523 ille
1155 481 1319 546 nunquam
1343 461 1466 548 duplex

116 567 325 647 nominatur,
361 587 434 629 cum
463 567 526 630 hoe
561 567 751 652 saepissime
783 566 922 646 διπλοῦς
954 568 1152 636 adiectivum
1189 595 1301 638 seeum
1336 574 1465 642 habeat.

117 675 196 748 Qua
230 699 302 741 cum
332 699 368 741 re
404 678 501 742 aliam
535 678 697 762 quandem
731 679 891 746 conferas.
943 681 1070 768 Nempe
1099 705 1171 747 cum
1201 685 1251 749 bis
1278 682 1467 772 χειριδωτὸς

115 786 314 870 χιτωνίσκος
336 796 561 872 recenseatur,
591 791 642 856 bis
666 793 765 856 etiam
788 787 1004 872 κατάστικτος
1026 791 1214 882 χειριδωτός
1236 795 1289 883 (0.
1307 799 1335 862 I.
1354 797 1396 862 A.
1420 799 1464 864 II.

118 906 185 966 754
200 925 231 968 u.
244 906 263 966 6
270 927 278 979 ;
303 905 363 968 758
377 901 405 965 B
421 901 466 968 ΙΙ.
487 924 516 966 v.
532 901 578 992 7),
600 924 765 988 nunquam
788 905 855 969 ulla
875 907 998 970 mentio
1015 907 1215 972 manicarum
1229 909 1263 972 in
1279 907 1464 974 chitonibus

116 1020 155 1078 et
179 1013 331 1078 chitoniis
355 1013 400 1078 lit.
434 1013 531 1078 Unde
549 1020 742 1099 sequeretur
764 1021 821 1080 aut
837 1018 946 1081 omnia
968 1017 1103 1082 manicis
1119 1020 1264 1084 caruisse
1280 1026 1337 1084 aut
1358 1022 1465 1086 omnia

115 1127 170 1190 eis
201 1125 361 1190 instructa
388 1125 502 1190 fuisse.
548 1124 707 1190 Neutrum
736 1127 861 1212 placet:
891 1128 1045 1213 frequens
1075 1131 1161 1194 enim
1191 1132 1290 1196 etiam
1317 1131 1351 1196 in
1377 1133 1463 1198 illius

117 1238 243 1302 aetatis
265 1238 485 1302 monumentis
501 1237 701 1302 manicarum
723 1259 804 1302 usus
826 1239 860 1302 in
883 1239 1039 1305 talaribus
1057 1241 1253 1325 chitonibus,
1276 1243 1464 1330 frequenter

114 1355 232 1413 tamen
256 1349 353 1413 etiam
376 1348 547 1430 deficiunt,
570 1351 766 1436 praesertim
790 1351 818 1414 si
841 1351 965 1436 duplex
988 1359 1040 1417 est
1062 1354 1182 1420 chitou.
1217 1354 1375 1437 Videsne,
1399 1377 1463 1442 quo

114 1459 279 1525 tendam?
329 1459 447 1526 Totum
482 1460 635 1546 equidem
670 1461 755 1526 inter
789 1455 887 1542 χιτών
919 1468 952 1526 et
979 1458 1128 1544 χιτώνιον
1158 1465 1333 1532 discrimen
1362 1467 1395 1531 in
1423 1489 1462 1532 eo

1 1621 2 1646 ,
113 1571 266 1656 positum
287 1573 377 1654 volo,
406 1578 442 1636 ut
464 1573 520 1638 ille
544 1574 679 1638 manicis
702 1575 879 1638 instructus
902 1575 1016 1656 fuerit,
1046 1577 1109 1642 hoc
1132 1578 1197 1642 illis
1220 1579 1377 1644 caruerit:
1408 1582 1463 1664 qui

1 1767 2 1770 Ἴ
112 1705 197 1749 vero
214 1683 324 1748 chiton
340 1686 485 1750 manicas
507 1685 698 1765 nonhabet,
722 1686 749 1750 is
765 1686 950 1772 duplicatus
969 1709 1042 1753 esse
1065 1689 1159 1770 solet,
1183 1690 1259 1755 inde
1276 1697 1342 1755 tam
1362 1713 1462 1777 saepe

111 1789 269 1880 χιτώνιον
289 1796 442 1878 διπλοῦν,
466 1818 572 1882 neque
595 1818 738 1882 unquam
753 1835 794 1846 -·-
813 1800 847 1862 in
869 1797 973 1864 titulis
996 1799 1127 1884 quidem
1151 1802 1246 1867 nobis
1270 1805 1407 1868 servatis
1421 1841 1462 1852 -

1 1923 2 2002 j
110 1905 218 1992 χιτών
241 1908 407 1987 διπλοῦς.1
445 1909 536 1975 Infra
552 1911 640 1975 enim
655 1910 838 1975 videbimus
854 1913 919 1976 iam
935 1918 1011 1977 ante
1027 1912 1118 1977 illam
1134 1919 1278 1979 aetatem
1301 1915 1335 1978 in
1357 1917 1462 1979 mani-

1 2007 2 2058 1
112 2023 201 2088 catis
225 2022 411 2086 chitonibus
435 2027 669 2108 apoptygmata
690 2023 795 2107 magis
819 1999 986 2109 magisque
1016 2025 1190 2090 evanuisse
1215 2025 1286 2110 (cfr.
1311 2033 1394 2112 pert.
1417 2028 1461 2094 ΙΙ.

111 2137 221 2220 cap.2
237 2138 270 2198 et
284 2132 329 2218 3).
374 2134 445 2197 Iam
468 2154 543 2198 vero
566 2135 696 2198 curbis
719 2136 883 2220 expressis
906 2134 1036 2199 additur
1057 2131 1206 2216 χιτώνιον
1228 2130 1356 2204 ἁπλοῦν
1377 2160 1462 2220 esse,

1 2223 2 2292 δ
111 2267 192 2312 cum
216 2251 332 2331 quater
354 2246 541 2309 omittatur?
575 2245 652 2310 Sine
676 2245 774 2310 dubio
799 2247 875 2331 quia
896 2229 961 2311 duo
978 2252 1071 2312 erant
1091 2248 1305 2313 chitoniorum
1328 2271 1462 2334 genera,

1 2383 2 2431 l
113 2379 257 2444 quorum
281 2358 420 2423 alterum
447 2354 543 2421 modo
575 2357 698 2442 duplex
724 2357 821 2422 modo
853 2357 994 2444 simplex
1022 2364 1124 2440 esset,
1154 2361 1292 2424 alterum
1321 2361 1461 2446 simplex

1 2459 2 2470 ¹
111 2477 246 2536 tantum
270 2491 344 2536 esse
363 2471 494 2551 soleret,
518 2470 563 2534 ita
584 2475 620 2533 ut
638 2461 765 2535 διπλοῦν
780 2469 833 2534 hio
850 2467 971 2534 addere
993 2491 1130 2536 necesse
1147 2491 1213 2534 non
1231 2477 1331 2536 esset.
1366 2473 1459 2538 Illius

1 2661 2 2674 χ
111 2588 228 2648 autem
251 2587 326 2646 sunt
341 2581 485 2646 chitonia
500 2583 573 2668 plus
589 2583 737 2646 minusve
755 2582 872 2646 talaria
889 2603 988 2670 supra
1002 2583 1169 2670 proprium
1186 2583 1350 2648 chitonem
1366 2590 1461 2669 gesta

110 2733 157 2741 —
175 2686 410 2782 ἡμιδιπλοίδιον
433 2694 496 2758 hue
519 2693 678 2758 trahenda
695 2731 746 2775 -‚
769 2694 867 2758 huius
890 2714 1035 2780 eaquae
1059 2694 1092 2758 in
1115 2694 1185 2780 ipso
1209 2715 1341 2780 corpore
1364 2716 1459 2780 gere·

110 2807 244 2870 bantur.
295 2805 380 2869 Nam
415 2826 487 2869 eum
521 2805 672 2870 materiei
704 2805 849 2869 tenuitas
885 2805 951 2869 alia
984 2805 1160 2891 endymata
1194 2805 1461 2891 superinduenda

1 2895 2 2902 λ
109 2921 281 3004 posceret,
305 2938 411 3001 neque
434 2921 545 2983 tamen
569 2917 629 2982 sub
653 2918 693 2980 iis
717 2916 877 3002 duplicari
900 2923 1051 3003 possent,
1075 2918 1160 3002 quod
1182 2920 1263 2983 mire
1288 2940 1385 3003 quam
1408 2920 1458 2982 in-

111 3027 322 3093 commodum
354 3028 484 3110 fuisset,
513 3029 595 3094 haec
625 3029 785 3115 simplicia
812 3050 886 3094 esse
911 3029 1084 3094 debebant.
1137 3028 1200 3092 Illa
1228 3035 1341 3093 contra
1370 3035 1459 3095 certe

1 3225 2 3232 ἵ
110 3139 282 3204 rarissimo
306 3146 539 3228 apoptygmate
564 3141 734 3222 carebant,
757 3140 867 3223 itaque
891 3132 1019 3205 διπλοῦν
1040 3140 1094 3204 hic
1116 3139 1255 3204 additur.

204 3284 234 3348 Α
269 3285 459 3350 chitoniscis
502 3286 660 3372 simplicia
701 3287 759 3350 illa
799 3285 943 3348 chitonia
987 3306 1086 3370 supra
1126 3287 1274 3371 proprios
1310 3287 1458 3374 chitones

1 3375 2 3414 ³
111 3403 214 3483 gesta
248 3396 479 3484 discrepabant
513 3399 648 3462 materie
684 3403 716 3460 et
754 3417 916 3461 mensura.
974 3395 1069 3470 Quod
1103 3395 1190 3461 haud
1224 3402 1349 3462 certum
1385 3421 1458 3464 esse

112 3529 287 3590 canonem,
307 3531 370 3596 quo
386 3531 466 3574 usus
482 3510 580 3574 facile
597 3509 630 3573 in
646 3508 866 3573 monumentis
880 3502 1092 3590 χιτωνίσκους
1109 3514 1141 3574 et
1156 3508 1295 3591 χιτῶνας
1315 3509 1458 3593 dirimas,

176 3731 179 3737 ’
206 3750 215 3780 1
235 3748 341 3802 nnn.
361 3749 411 3803 τοι
429 3767 454 3803 v.
467 3749 501 3802 ee
520 3747 672 3803 uocemue
692 3746 809 3802 servatis
831 3747 921 3802 uren
941 3752 1022 3800 xnn
1042 3748 1083 3801 nn
1101 3747 1211 3802 aserere
1228 3748 1283 3802 ens
1300 3756 1330 3815 n,
1349 3749 1458 3815 eunius,

111 3832 213 3898 credo,
237 3836 330 3888 utrum
347 3837 452 3904 χιτῶνα
470 3852 507 3889 an
524 3833 653 3904 χιτώνιον
671 3834 810 3888 scriberet·
846 3833 961 3888 Collatis
984 3833 1082 3888 ceteris
1104 3834 1239 3902 exemplis
1256 3837 1288 3888 tu
1307 3836 1460 3904 ΧΙΤΩ[νιον

1 3925 2 3994 ᾖ
111 3916 206 3972 scribe
227 3919 369 3989 addasque
391 3938 414 3975 e.
433 3939 474 3991 gr.
494 3917 687 3994 ἅνεπίγριιφον
710 3920 882 3989 δι]ΠΛΟΥΝ,
905 3918 980 3988 quod
1002 3935 1117 3972 numero
1135 3918 1280 3974 literarum
1303 3921 1459 3976 deletarum

1 4017 2 4074 f
111 4007 273 4078 respondet.

205 4119 251 4174 Bis
269 4121 414 4189 praeterea
432 4119 571 4174 adiectiva
584 4120 685 4178 ἁπλοῦς
697 4120 726 4173 et
739 4117 849 4176 διπλοῦς
866 4115 897 4170 in
915 4115 1007 4170 titulis
1025 4118 1181 4185 occurrunt,
1200 4116 1248 4170 sed
1266 4116 1296 4170 in
1314 4117 1382 4171 locis
1400 4119 1459 4172 tam

1 4227 2 4232 ¹
112 4201 231 4271 mutilis,
250 4207 283 4259 ut
294 4205 324 4259 in
341 4223 453 4260 censum
465 4204 558 4260 vocari
574 4222 630 4260 non
642 4203 759 4274 possint.
778 4201 894 4272 Legitur
907 4201 981 4255 enim
994 4201 1045 4255 754
1057 4219 1082 4255 v.
1095 4201 1173 4269 54s55
1185 4205 1425 4257 ΠΛΡΑΛΟΥΡΓΙΔ
1435 4245 1459 4265 .,

1 4299 2 4328 l
114 4293 441 4355 ΝΧΙΤΩΝΙΣΚΟΥΑΠΛΟ
460 4331 536 4344 .....
556 4294 829 4343 ΙΠΠΗΑΝΕΘΗΚΕΝ.
871 4286 962 4342 Possis
985 4288 1096 4356 explere
1123 4286 1355 4360 παραλουργὶδιον
1375 4308 1458 4358 χιτω-

1 4397 2 4442 q
114 4374 211 4428 νίσκον
229 4376 325 4429 dulor
341 4377 511 4445 ΚΑΛΛίππη
530 4373 673 4444 ἀνέθηκεν,
691 4374 779 4445 possis
797 4391 862 4428 vero
881 4372 975 4439 etiam,
993 4375 1027 4428 ut
1043 4373 1195 4428 Kochlerus
1213 4372 1288 4438 fecit,
1306 4376 1459 4449 παραλουρ-

1 4499 2 4502 ,
113 4459 207 4529 γίδιον
223 4461 387 4530 χιτωνίσκου
405 4462 524 4515 ἁπλοΥΝ
537 4461 672 4530 ΞΕΝλππη
695 4457 722 4515 ci.
760 4459 815 4515 Ubi
833 4459 920 4514 alium
938 4477 971 4513 ac
989 4459 1071 4514 solito
1090 4476 1200 4514 sonsum
1215 4459 1332 4516 haberet
1350 4462 1457 4523 ἁπλοῦς.

115 4548 162 4615 (In
184 4547 280 4601 eodem
301 4549 362 4603 loco
387 4548 417 4602 in
438 4547 524 4602 titulo
547 4549 596 4602 756
618 4547 659 4602 nil
681 4546 787 4617 legitur
811 4545 865 4600 nisi
884 4574 897 4584 -
910 4569 923 4584 -
936 4575 950 4584 -
968 4550 1199 4599 ΑΛΟΥΡΓΙΔΙΘΝ
1310 4547 1324 4602 Ι
1341 4550 1457 4616 ----..)

115 4631 189 4686 Dein
212 4633 262 4686 757
286 4651 312 4688 v.
330 4634 373 4688 25.
390 4633 424 4687 26
447 4633 533 4687 habes
560 4638 605 4686 ΠΕ
614 4662 722 4673 -----
751 4633 899 4702 (incertum
923 4635 993 4701 quot
1015 4631 1113 4687 literae
1137 4631 1305 4702 exciderint)
1329 4663 1342 4673 -
1358 4663 1371 4674 -
1397 4640 1460 4686 ToN

117 4723 283 4773 ΔΙΠΛΟΥΝε
300 4719 464 4792 περιήγητος
481 4719 579 4788 utique
596 4736 653 4774 non
672 4707 864 4788 supplendum.
