3086 5152
643 295 855 361 ...15⁶

13 521 15 560 ς
77 477 268 573 περίβλημα
303 481 383 552 illud
406 491 492 552 'esse
522 489 650 568 volunt,
686 493 859 573 praeterea
895 488 1043 553 conferas
1075 485 1184 573 Etym.
1207 485 1316 572 Magn.
1341 509 1366 552 s.
1390 508 1420 553 v.

79 593 271 682 ἒπιγονασίς
282 596 328 684 (p.
343 601 415 664 358.
429 601 482 680 26)
501 647 508 662 .
524 647 531 662 .
546 647 553 663 .
566 593 664 679 χιτὼν
681 590 847 677 &ababa
866 603 1058 684 γυναικεῖος,
1082 589 1119 664 ὃν
1133 593 1288 664 ἔνδοθεν
1303 595 1422 663 ἐντυν-
1476 694 1479 702 ,

78 703 222 775 δίονυαι.
267 709 372 774 Immo
397 710 564 776 contendit
587 712 818 795 grammaticus
841 711 996 776 mulieres
1018 711 1199 797 hemidiplo
1223 709 1311 774 idion
1334 709 1422 773 domi

78 828 241 906 gestasse,
258 821 460 908 deposuisse,
477 824 505 887 si
521 823 608 886 foras
627 823 766 903 exirent,
783 823 879 908 idque
896 825 966 888 sine
984 823 1083 888 dubio
1099 823 1190 888 nisus
1207 828 1240 886 et
1252 821 1423 886 Ecclesia-

78 953 231 996 susarum
255 933 328 996 loeo
352 938 386 997 et
407 932 612 1017 Lysistratae
636 954 666 998 v.
682 951 711 996 v.
729 935 840 1017 42sq.:

297 1057 331 1126 τί
354 1054 432 1126 t’dv
453 1065 601 1147 γυναῖκες
623 1057 782 1149 φρόνιμον
804 1058 1011 1148 ἐργασαίατο,

297 1221 466 1238 ......
490 1168 532 1238 οἳ
549 1167 758 1261 καθήμεθ’
784 1171 1028 1258 ἑξανθισμέναι,

296 1280 477 1369 κροκωιὰ
501 1287 700 1372 φοροῦσαι
724 1284 780 1351 καὶ
802 1283 1108 1370 κεκαλλωπισμέναι
1131 1287 1197 1352 κτλ.

80 1413 164 1478 Nam
188 1433 281 1494 cave,
303 1436 345 1479 ne
368 1436 427 1499 pro
450 1437 541 1480 more
564 1417 651 1480 illius
675 1417 793 1481 aetatis
817 1421 950 1502 recepto
973 1417 1035 1481 hoo
1050 1417 1196 1492 habeas;
1220 1417 1266 1480 nil
1290 1423 1341 1481 est
1362 1417 1425 1481 nisi

78 1526 262 1590 umbratilis
291 1528 494 1610 grammatici
524 1527 690 1592 doctrinae
722 1529 906 1613 specimen,
939 1527 1025 1612 quod
1054 1529 1105 1592 cui
1141 1549 1205 1592 non
1234 1529 1366 1610 suflicit,
1396 1531 1424 1592 is

79 1644 195 1722 pergat
219 1658 293 1702 cum
314 1638 370 1702 illo
393 1638 660 1725 hemidiploidion
682 1659 740 1724 pro
764 1640 900 1704 himatio
923 1639 1072 1705 habere.²

165 1765 213 1831 Ut
246 1763 392 1832 breviter
426 1767 640 1852 complectar,
676 1765 753 1850 qnid
787 1768 941 1848 sentiam,
979 1787 1173 1854 persuasum
1208 1767 1287 1832 mihi
1319 1767 1424 1833 habeo

82 1876 240 1962 diploidis
269 1897 342 1940 esse
373 1876 522 1940 chitones
551 1876 697 1960 duplices
728 1877 847 1939 circum
876 1877 1019 1957 clausos,
1052 1877 1166 1961 quales
1189 1885 1309 1963 gerunt
1332 1901 1360 1944 e.
1376 1901 1423 1966 gr.

80 1985 236 2073 Virgines
253 1987 441 2069 Erechthei,
459 1987 661 2069 saltatrices,
679 2007 762 2072 quae
779 1986 938 2068 dicuntur,
958 1987 1226 2054 Herculanenses
1242 1989 1426 2073 (Actichc'td

80 2100 113 2162 δι’
134 2099 295 2164 Ενοοίιινιο
318 2100 373 2164 VI.
403 2097 538 2186 [Broaac'
560 2097 605 2184 ΙΙ]
632 2105 655 2164 t.
680 2102 729 2165 71.
755 2101 805 2162 72.
830 2101 880 2163 73.
906 2102 955 2162 74.
981 2097 1058 2183 71),
1094 2105 1127 2163 et
1156 2102 1296 2165 cinctam
1328 2121 1425 2186 supra

81 2209 247 2296 deplicata
269 2219 363 2298 parte
386 2211 537 2277 Minerva
552 2209 640 2276 Arae
656 2211 897 2295 Pergamenae3
920 2211 955 2273 in
977 2209 1121 2274 vasculis
1138 2209 1323 2297 Tragoedia
1339 2211 1426 2298 apud

81 2321 240 2389 Gerhard.
265 2323 305 2387 A.
326 2323 420 2387 V.·B.
444 2330 466 2387 t.
483 2325 535 2386 56.
552 2326 587 2405 2,
618 2323 760 2406 virgines
783 2321 869 2408 apud
892 2321 1206 2404 Raoul-Rochette,
1229 2323 1319 2388 Mea.
1342 2325 1425 2388 ιάίιλ.

36 2435 41 2442 ’
81 2438 102 2495 1.
124 2437 160 2496 to
187 2439 219 2497 et
243 2434 382 2498 cinctam
400 2433 508 2496 Diana
531 2432 617 2518 apud
636 2431 795 2499 derhard.
819 2433 839 2498 l.
857 2455 882 2496 s.
905 2438 928 2498 t.
947 2436 988 2496 29
1005 2439 1038 2498 et
1054 2433 1202 2498 Victoria
1217 2425 1260 2500 ih.
1277 2440 1300 2500 t.
1317 2437 1367 2500 81.
1383 2473 1425 2483 -

83 2542 176 2616 Quae
207 2546 234 2608 si
263 2545 413 2609 breviora
448 2544 530 2608 fiunt
560 2580 597 2590 —-
628 2545 780 2630 exempla
816 2543 936 2609 videsis
972 2566 1002 2629 p.
1032 2549 1071 2609 14
1110 2581 1149 2592 --
1189 2538 1425 2633 ἡμιδιπλοίδια

83 2675 121 2718 ea
144 2677 255 2723 voces.

168 2781 341 2870 Diplo'r'das
365 2790 474 2849 autem
497 2805 578 2849 voco
602 2785 711 2848 omnia
734 2785 906 2850 mulierum
923 2805 1051 2870 quoque
1067 2783 1212 2865 himatia,
1236 2785 1321 2850 inter
1341 2807 1425 2872 quae

84 2897 263 2961 secundum
286 2917 426 2981 eaquae
449 2917 480 2981 p.
501 2899 538 2959 13
561 2895 702 2961 disserui
719 2932 761 2942 -
781 2895 837 2959 cfr.
857 2901 1031 2980 praeterea
1053 2894 1190 2959 Excurs.
1207 2895 1242 2959 ΙΙ
1266 2933 1305 2943 --
1330 2903 1364 2961 et
1387 2919 1427 2961 ea

84 3007 178 3090 duco,
196 3027 278 3092 quae
296 3013 351 3072 aut
367 3027 432 3071 una
447 3014 504 3071 aut
521 3007 647 3073 duabus
663 3009 772 3072 fibulis
787 3009 821 3070 in
837 3008 981 3072 humeris
999 3007 1214 3091 configuntur.
1238 3006 1426 3088 Διπλοίδας

85 3139 162 3203 ergo
190 3117 277 3184 dicas
304 3125 437 3204 praeter
465 3120 619 3204 exenrpla
651 3140 750 3204 supra
783 3117 953 3203 proposita
983 3123 1111 3182 vestem
1139 3117 1306 3184 Briseidos
1340 3120 1426 3208 apud

177 3379 186 3409 ¹
204 3375 293 3430 Nate
312 3375 436 3430 offendat
458 3375 533 3442 quod
550 3374 726 3445 grammatici
748 3375 783 3428 de
801 3374 957 3444 ἐπιγονατίς
978 3391 1090 3444 quoque
1112 3376 1198 3443 atque
1222 3373 1307 3428 etiam
1326 3374 1360 3428 de
1379 3391 1426 3428 en·

87 3461 165 3528 cyclo
185 3461 312 3530 (Pausan.
333 3459 417 3513 Attio.
437 3459 513 3528 apud
531 3459 658 3512 Eustath.
680 3458 716 3512 ad
733 3458 813 3513 Iliad.
833 3459 906 3512 XIV.
925 3477 950 3513 v.
970 3459 1009 3512 18.
1029 3478 1056 3529 p.
1074 3461 1133 3514 976.
1153 3461 1197 3527 12)
1216 3459 1353 3514 referunt:
1377 3458 1427 3526 „dv

86 3543 203 3599 ἔνδοθεν
220 3544 395 3599 tucamur:
422 3545 497 3612 quod
521 3547 670 3613 utrumque
695 3561 757 3597 cum
780 3545 921 3599 chitonsm
944 3561 1002 3599 esse
1026 3544 1154 3609 tradant,
1176 3545 1426 3600 Ecclesiaznsarum

87 3649 153 3686 vero
172 3633 231 3686 loeo
255 3633 289 3685 de
311 3631 429 3685 himatio
455 3631 557 3699 agatur
575 3661 607 3670 —
627 3647 660 3684 ex
679 3647 773 3684 eorum
793 3631 935 3685 sententia
953 3661 985 3671 -
1004 3633 1053 3685 tuo
1071 3631 1132 3685 iure
1150 3631 1224 3685 dices
1242 3630 1300 3684 alia
1317 3646 1427 3698 quoque

87 3720 254 3788 argumenta
271 3718 335 3771 illos
353 3715 483 3770 habuisse
502 3716 610 3781 debere,
629 3733 701 3784 quae
720 3716 759 3770 eis
777 3717 959 3786 probaverint
976 3717 1084 3771 Atticas
1102 3716 1232 3770 mulieres
1250 3715 1320 3769 alias
1337 3719 1428 3769 vestes

88 3803 180 3868 domi,
207 3803 276 3856 alias
299 3801 365 3855 foris
388 3818 472 3870 supra
495 3801 608 3855 chitone
632 3805 763 3870 gestasse.
806 3803 843 3854 At
862 3803 907 3855 vel
925 3802 976 3855 illa
998 3801 1032 3855 de
1058 3801 1239 3871 epigonatide
1262 3804 1291 3854 et
1315 3801 1427 3868 encyclo

89 3889 216 3943 doctrina
234 3907 267 3943 ex
279 3889 341 3942 loco
360 3887 517 3956 significato
534 3887 627 3941 fluxit:
645 3886 722 3941 fuere
740 3897 841 3956 nempe
853 3887 1037 3956 grammatici,
1057 3886 1105 3955 qui
1124 3889 1197 3942 certe
1209 3886 1309 3940 iisdem
1327 3885 1428 3954 quibus

88 3992 138 4029 nos
171 3975 259 4029 causis
287 3973 358 4028 moti
383 3973 587 4044 ἡμιδιπλοίδιον
610 3965 650 4042 (et
668 3969 810 4040 ἔγκυκλον,
836 3972 911 4040 quod
936 3972 971 4025 ab
997 3971 1047 4024 illo
1069 3971 1208 4025 diversum
1232 3988 1291 4026 esse
1312 3988 1428 4040 negasse

89 4059 231 4130 videntur)
249 4075 300 4130 pro
319 4059 469 4127 endymate
486 4058 634 4122 haberent,
660 4058 738 4111 cuius
760 4055 801 4110 rei
818 4056 971 4125 vestigium
989 4073 1140 4125 sanequam
1158 4059 1242 4110 tenue
1260 4057 1290 4109 in
1308 4054 1361 4124 ,,ἢ“
1378 4056 1428 4110 illo

89 4146 220 4215 Hesychii
237 4146 332 4200 habes.
368 4144 431 4211 (Hic
453 4161 486 4198 ex
504 4143 738 4213 interpretatione
756 4141 807 4195 illa
826 4143 966 4196 servatum
988 4139 1099 4212 ἱμάτιον
1116 4142 1273 4209 γυναικεῖον
1291 4162 1297 4195 :
1317 4141 1429 4212 ἱμάτιον

30 4271 34 4282 .
89 4234 182 4285 autem
208 4231 327 4299 endyma
349 4230 518 4299 significasse
542 4229 677 4299 probatur
700 4227 829 4298 opposito
855 4222 1027 4295 ιῖναβόλαιον.
1065 4226 1117 4282 cfr.
1136 4225 1229 4294 Etym.
1251 4225 1345 4296 Magn.
1365 4245 1385 4280 s.
1403 4244 1429 4280 v.

89 4315 188 4384 χιτώνε
293 4315 337 4370 ἐπί
358 4317 411 4386 μὲν
429 4315 477 4368 τοῦ
496 4314 621 4383 συνήθως
638 4313 706 4384 ἡμῖν
724 4314 875 4382 λεγομένου
897 4311 1015 4383 ἱματίου.
1051 4313 1141 4380 Etym.
1160 4311 1229 4366 Gud.
1248 4310 1342 4380 χιτών·
1360 4312 1428 4364 rino-

89 4402 215 4472 κόμισον,
233 4401 265 4455 to*
279 4404 329 4455 τοῦ
345 4399 572 4474 ἄνδρδςλμάτιον
584 4401 660 4467 κτλ).
690 4399 726 4453 Et
744 4401 797 4454 hoc
815 4398 935 4466 endyma
952 4400 1046 4452 autem
1065 4397 1140 4452 domi
1158 4399 1270 4451 tantum
1287 4399 1429 4467 gestatum

90 4491 272 4556 putaverunt:
296 4487 371 4556 quod
394 4487 469 4540 idem
491 4485 526 4539 de
549 4484 730 4554 epigonatide
755 4485 848 4538 valere
875 4483 1038 4552 credebant,
1066 4483 1127 4553 ipsa
1154 4499 1265 4551 quoque
1288 4483 1429 4552 superiore

92 4575 202 4628 chitone
226 4574 360 4628 breviore.
386 4603 418 4612 -
444 4572 522 4638 Quod
547 4588 612 4625 vero
639 4570 715 4640 apud
741 4569 910 4624 Pausaniam
933 4570 1050 4640 legitur:
1080 4568 1113 4621 δν
1136 4566 1251 4621 ἔνδοθεν
1276 4567 1428 4634 ἐνδύονται,

92 4647 164 4714 εἶτα
181 4661 218 4713 ιδ
235 4659 364 4730 ἔνδυμα
386 4659 443 4713 fere
461 4657 658 4728 spoponderim
677 4656 900 4712 additamentum
922 4673 981 4711 esse
999 4655 1140 4710 Eustathii
1158 4655 1290 4723 reputato
1309 4655 1338 4706 et
1354 4652 1429 4706 vocis

92 4743 170 4796 ἔνδον
188 4762 239 4798 usu
259 4748 286 4798 et
305 4745 407 4800 collato
425 4745 474 4798 illo
493 4742 608 4797 ἔνδοθεν
626 4742 812 4796 ἐπενδύονται.
