3086 5152
693 307 882 367 ..5-

115 491 248 576 χλαίνας
264 489 451 580 ἃπληγίδας
475 499 508 558 et
523 485 720 578 διπλημίδας
744 493 828 554 inter
844 496 954 556 vestes
973 491 1116 555 virorum
1131 490 1280 578 proprias
1297 495 1460 556 recenset.

118 608 183 672 Sed
199 609 285 672 hunc
302 628 412 672 errare
430 607 507 669 artis
524 609 735 668 monumenta
752 604 919 678 evincunt3
935 605 968 666 in
981 602 1147 688 Agathiae
1166 607 1276 667 autem
1293 602 1459 688 epigram-

117 725 204 784 mate
218 717 368 804 (Anthol.
380 717 537 783 PalatV.
553 695 614 780 2134
631 738 661 782 v.
673 715 707 800 4)
730 707 860 795 ἁπλοῖς,
877 721 910 779 et
925 715 959 778 in
974 715 1076 780 schol.
1092 715 1134 780 ad
1147 714 1284 780 Thcoor.
1298 713 1460 779 Adoniaz.

118 851 149 894 v.
166 833 207 893 34
230 825 363 906 διπλοῖς
386 827 426 892 dc
450 827 595 892 mulieris
618 827 753 890 himatio
776 832 962 911 usurpatur.

204 941 250 1006 At
272 961 380 1004 nonne
404 939 542 1024 cogitari
562 939 675 1024 possit,
699 943 736 1003 ut
757 931 863 1018 χιτών,
887 931 970 1024 ζώνη
985 938 1138 1017 virorum,
1160 930 1320 1016 χιτώνιον,
1344 929 1460 1016 ζώνιον

119 1052 290 1116 mulierum
307 1057 383 1115 sunt
398 1087 440 1098 -
455 1071 499 1114 ex
513 1048 820 1134 lexicographorum
838 1047 969 1132 quidem
985 1047 1194 1132 praeceptis²
1212 1083 1252 1094 -
1268 1048 1314 1112 sic
1326 1044 1461 1126 διπλοῖς

118 1185 233 1228 vocem
248 1163 393 1226 virorum
413 1165 541 1225 tantum
564 1160 699 1224 himatia
722 1159 938 1243 significasse,
963 1156 1003 1223 de
1027 1159 1197 1223 mulierum
1214 1179 1293 1223 vero
1314 1159 1459 1223 himatiis

122 1273 354 1339 deminutivam
377 1273 527 1352 formam,
551 1293 595 1335 sc.
620 1265 807 1335 διπλοίδιον
830 1269 1008 1333 adhibitam
1032 1275 1129 1334 esse?

205 1382 301 1457 Quod
328 1388 365 1445 nt
394 1382 514 1447 falsum
542 1402 614 1446 esse
646 1380 882 1460 demonstrem,
917 1401 983 1443 non
1010 1385 1084 1444 utar
1110 1379 1304 1445 Theocriteo
1335 1382 1459 1446 scholio

119 1497 213 1560 modo
237 1497 354 1570 allato;
382 1495 591 1578 integriorem
613 1491 738 1556 fontem
762 1491 892 1570 adeam,
917 1493 972 1577 qui
995 1493 1091 1556 simul
1113 1492 1228 1557 unicus
1253 1498 1319 1573 est,
1353 1515 1371 1557 e
1396 1514 1459 1578 quo

119 1607 160 1672 de
183 1606 340 1691 diploidio
364 1611 455 1670 certa
476 1603 636 1688 quaedam
660 1603 789 1668 haurire
806 1603 983 1687 possimus:
1007 1600 1312 1668 Ecclesiazu'sarum
1327 1602 1458 1669 Aristo-

120 1719 269 1804 phaneae
298 1718 437 1782 alteram
468 1737 620 1781 scaenam
647 1715 736 1797 dico,
768 1715 802 1778 in
825 1736 888 1800 qua
911 1713 955 1800 (v.
973 1716 1034 1778 318
1049 1713 1186 1801 Bergk.)
1209 1708 1460 1803 ἡμιδιπλοίδιον
1534 1789 1535 1808 ¹

120 1834 402 1894 commemoratur.
453 1827 481 1890 El
511 1827 655 1890 Pollucis
687 1826 774 1890 enirn
803 1827 927 1907 verbis,
960 1827 1014 1910 qui
1041 1824 1134 1912 (VII.
1158 1826 1215 1913 49)
1243 1827 1330 1891 inter
1358 1829 1459 1892 vesti·
1534 1823 1535 1830 '

120 1947 231 2006 menta
251 1933 323 2005 ’ίδια
346 1939 504 2025 γυναικῶν
527 1938 639 2002 refert:
671 1933 809 2021 ε’πιομίς,
838 1933 1038 2019 διπλοίδιον,
1068 1930 1332 2028 ἡμιδιπλοίδιον,
1356 1933 1460 2002 κατά-

120 2072 250 2128 στικτος
272 2049 339 2114 κτλ.
363 2049 408 2112 nil
433 2048 518 2113 effici
541 2053 658 2134 potest.

206 2159 317 2245 Atque
354 2162 461 2224 locum
492 2157 790 2245 Aristophanem,
828 2181 900 2224 cum
933 2160 1022 2225 haud
1060 2162 1174 2246 paucis
1214 2160 1460 2226 difficultatibus

120 2271 296 2358 impeditus
327 2271 386 2352 sit,
415 2276 521 2335 totum
548 2291 721 2356 apponam.
767 2293 797 2338 v.
816 2273 876 2336 311
901 2271 1080 2357 Blepyrus,
1113 2273 1204 2338 cuins
1227 2292 1312 2336 uxor
1332 2273 1459 2338 Praxa-

123 2406 203 2470 gora
223 2404 320 2448 manc
344 2383 429 2447 clam
452 2387 644 2448 excesserat
666 2383 774 2447 mariti
796 2383 930 2447 himatio
954 2389 987 2448 et
1011 2385 1132 2448 calceis
1155 2383 1268 2449 indute
1285 2419 1324 2431 —
1347 2381 1460 2472 ἐκκλη-

123 2489 287 2562 σιάσοοσα
309 2515 427 2579 nempe
451 2531 492 2541 —
515 2492 632 2578 prodit,
657 2501 791 2579 questus
815 2494 855 2560 de
879 2495 958 2578 fuga
980 2495 1103 2561 uxoris.
1148 2495 1231 2558 Tum
1254 2498 1374 2582 pergit:

124 2605 168 2690 (V.
185 2605 261 2690 313)
339 2685 401 2776 ἐγώ
423 2688 460 2756 δὲ
481 2682 679 2772 κατάκειμαι
702 2684 810 2756 πάλαι
833 2691 986 2778 χεζητιῶν

338 2797 398 2881 τὰς
420 2797 568 2887 ἐμβάδας
589 2801 691 2889 ζητῶν
713 2803 825 2886 λαβεῖν
847 2800 880 2868 ἐν
901 2802 949 2889 τῶ
972 2798 1078 2890 σκότῳ

250 2946 295 2986 ars
342 2912 399 2980 καί
422 2907 612 2996 θοίμάτιον·
636 2908 691 2979 ὅτε
714 2909 753 3002 δὴ
778 2907 809 2978 δ’
835 2911 937 2980 ἐκεῖνο
960 2915 1125 3001 ψηλαφῶν

343 3020 402 3092 οὐκ
424 3020 585 3112 ἐδυνάμην
606 3017 718 3112 εὑρεῖν,
743 3019 760 3092 ὃ
785 3019 878 3114 δ’ἡδη
899 3021 958 3114 τὴν
979 3021 1086 3112 δίραν

340 3134 451 3218 ἐπεῖχε
472 3130 596 3223 κροάιον
620 3128 637 3201 ὃ
660 3139 847 3222 κοπρεαῖος,
870 3131 1057 3222 λαμβάνοι

339 3247 454 3314 τουτί
480 3243 524 3314 τὸ
552 3249 622 3336 τὴς
652 3245 841 3335 γυναικὸς
870 3242 1181 3337 ἡμιδιπλοίδιον

340 3356 396 3424 καί
418 3353 478 3437 τὰς
500 3354 622 3446 ἐκείνης
643 3353 809 3443 Περσικὰς
830 3351 1023 3446 ὑφέλκομαι.

126 3471 282 3536 Fortasse
306 3467 448 3533 nondum
475 3468 642 3550 consedit,
671 3490 745 3533 cnm
767 3471 891 3534 vicinus
922 3469 1052 3555 quidam
1083 3471 1206 3556 prodit,
1237 3472 1292 3556 qui
1321 3472 1463 3558 Blepyro

128 3587 301 3669 conspecto
324 3581 460 3644 miratus
484 3580 663 3644 exclamat:

131 3694 177 3780 (v.
195 3690 272 3775 aas)

833 3772 909 3843 εἰπέ
929 3802 996 3860 μοι,

342 3884 375 3952 τί
397 3881 495 3953 τοῦτό
518 3906 571 3952 σοι
593 3881 631 3952 τὸ
655 3881 777 3973 πυρράν
799 3884 902 3968 ε’στιν,·
925 3880 964 3953 οίί
984 3883 1018 3952 τί
1038 3912 1106 3954 ποο

226 4060 231 4068 ,
341 3993 503 4085 Κινησίας
524 4017 584 4064 σοο
606 3993 851 4084 κατατετίληκέν
873 4002 998 4079 ποθεν,

128 4108 321 4196 Respondet
343 4110 399 4174 ille

130 4220 267 4306 (naar)
366 4296 382 4322 ν
443 4297 452 4323 )
504 4300 512 4322 .
564 4306 580 4321 .
738 4300 746 4322 .
797 4304 806 4328 ἱ
874 4301 882 4326 Ι

343 4328 411 4385 ova,
434 4304 517 4369 αλλα
538 4329 597 4394 της
618 4328 769 4392 μοναικος
790 4305 972 4395 εξελὴλοδα

343 4416 385 4483 τδ
408 4413 675 4501 κροκωτίδιον
698 4410 1024 4502 ἀμπισχόμενος,
1048 4413 1275 4486 οὑνδύεται.

219 4575 229 4604 ¹
247 4572 287 4625 De
305 4571 376 4639 ζώνη
388 4571 396 4637 l
408 4570 506 4632 ζώνιον
523 4571 570 4624 cfr.
582 4571 708 4626 Ammon.
727 4571 762 4624 de
780 4571 868 4626 differ.
882 4573 937 4628 adf.
950 4589 1008 4627 voc.
1022 4592 1042 4628 s.
1052 4591 1087 4641 v,
1105 4573 1215 4628 Moeris.
1229 4591 1256 4643 p.
1271 4574 1320 4628 169
1337 4573 1467 4640 Piarson,

132 4656 483 4726 Thom.u1eg.p.167.10.
518 4655 643 4720 Bitschl,
662 4656 744 4719 alios;
763 4657 798 4710 de
815 4657 902 4726 χιτών
919 4659 928 4725 l
944 4658 1087 4726 ,ηιτώνιοκ1
1105 4659 1226 4713 Thomas
1244 4659 1318 4729 Mag.
1333 4679 1360 4730 p.
1373 4661 1431 4714 401.
1442 4661 1468 4715 4.

131 4742 236 4797 Anacd.
254 4743 423 4797 Bachmann.
442 4741 469 4794 Π
488 4759 514 4809 p.
533 4742 592 4806 378,
610 4741 667 4795 alia
684 4742 774 4798 lorica
791 4761 812 4797 s.
824 4761 849 4798 v.
869 4761 889 4796 s.
902 4761 927 4797 v.
