3086 5152
26 917 28 944 l

26 2657 30 2781 l

647 297 859 362 ...19-

83 487 230 550 sensisse
246 484 385 566 videtur,
410 482 488 550 dicit
509 487 595 550 enim
612 486 645 571 (l.
662 486 718 569 s.):
741 487 817 563 „sed
836 487 921 551 baec
936 485 1056 550 cattam
1070 507 1263 568 quamquem
1276 483 1426 550 Μύωωοο

82 599 217 676 tenebat,
248 599 277 662 is
307 603 412 662 taceo
433 599 607 679 virginitas
629 598 748 661 Attice
779 602 846 662 tem
867 600 933 662 iem
955 597 1154 679 cretaeae
1176 599 1330 662 videtur.“
1353 600 1424 680 (cfr.

82 715 164 793 pert.
188 709 230 776 H.
256 732 328 796 cap.
352 713 371 773 2
395 715 428 775 et
451 708 495 796 3).
522 747 563 757 -
725 695 727 704 ¹

167 835 236 902 Res
259 842 327 901 tem
350 841 465 922 aperte
487 837 566 901 mihi
589 859 663 902 esse
686 837 830 920 uidetur,
861 843 897 901 ut
926 837 991 904 iam
1014 840 1067 903 vel
1099 860 1198 904 caeco
1229 839 1424 904 illucescere

80 948 217 1028 debeat,
247 948 325 1033 quid
355 949 397 1012 sit
426 948 506 1012 illud
537 941 760 1034 ἆπόπτογμα.·
792 971 910 1036 nempe
942 950 1023 1014 nihil
1059 949 1148 1016 aliud
1178 951 1238 1017 nisi
1268 952 1340 1037 ipsa
1369 951 1425 1016 ille

81 1060 238 1146 duplicati
254 1059 395 1124 chitouis
412 1059 597 1147 dependula
613 1082 698 1146 pars.
731 1061 852 1146 Finges
869 1068 978 1126 eutem
994 1063 1055 1126 tibi
1070 1084 1206 1127 necesse
1225 1069 1276 1127 est
1292 1085 1426 1127 auream

79 1171 261 1237 Victoriam
303 1173 393 1237 illam
436 1193 478 1236 ex
515 1173 668 1258 exemplo
708 1173 875 1238 Victoriae
917 1173 1123 1260 Megarensis
1168 1173 1333 1258 (Minaei.
1374 1175 1427 1238 des

79 1283 234 1350 arebeeol.
258 1285 365 1348 [restit.
389 1283 448 1350 VI.
476 1287 550 1350 1881
580 1291 603 1349 t.
630 1289 678 1352 10.
705 1287 773 1371 11),
804 1287 909 1351 cincto
940 1287 1069 1352 chilone
1094 1308 1193 1373 supra
1216 1293 1426 1372 apoptygma‚

78 1397 126 1461 ita
154 1403 192 1461 ut
221 1399 255 1460 in
286 1397 442 1462 lateribus
479 1419 578 1484 super
610 1397 740 1482 cingulo
772 1420 910 1484 magnae
941 1399 1016 1463 illae
1052 1393 1200 1476 στολίδες
1234 1397 1427 1464 existerent.

78 1507 129 1572 na
158 1513 271 1573 autem
297 1511 539 1594 apoptygmetis
567 1532 654 1596 pars,
685 1531 768 1595 quac
792 1511 924 1595 cingulo
956 1533 1021 1575 non
1050 1509 1291 1590 continebatur,
1323 1509 1425 1574 libere

78 1619 253 1701 volitabat,
283 1618 421 1705 ideoque
444 1620 620 1705 separatim
644 1621 875 1687 conficiebatur
898 1621 938 1686 ab
963 1623 1107 1704 artifice,
1138 1621 1276 1686 ethaeo
1300 1621 1426 1706 ipsein

77 1731 183 1795 titulis
200 1737 399 1796 recensetur,
443 1731 662 1796 Nihilominus
678 1739 788 1797 tamen
805 1737 907 1796 totam
923 1732 1118 1818 deplicetam
1141 1737 1270 1819 partem
1286 1731 1427 1798 chitonis

78 1843 134 1907 illo
170 1843 302 1908 nomine
333 1843 568 1928 designandam
601 1865 675 1908 esse
703 1843 800 1909 docet
832 1845 905 1929 ipsa
936 1837 1142 1930 ἂπύπτογμα
1170 1865 1245 1910 vox.
1269 1840 1428 1910 πτύοσειν

79 1956 167 2022 enirn
204 1955 323 2019 dicitur
358 1955 398 2020 de
430 1955 576 2019 vestibus
616 1954 857 2040 complicandis.
913 1953 967 2020 Sic
996 1953 1217 2042 Apollodorus
1258 1953 1427 2042 Carystius

78 2066 258 2148 (Meineke
271 2066 400 2149 Freym.
417 2065 500 2132 Com.
513 2065 732 2153 Graealllp.
742 2069 832 2149 440):
849 2061 907 2154 τὴν
917 2063 1073 2150 ἐπωμίδα
1085 2062 1269 2147 πτύξασα
1281 2067 1429 2156 διπλῆν

79 2169 208 2268 ἄνωθεν
236 2172 523 2267 ἕνεκομβωσύμην,
560 2178 607 2242 sio
639 2177 1119 2244 inAnth01.Pa1at.VI.271
1153 2179 1270 2243 mulier
1297 2179 1426 2244 Dianae

79 2287 210 2354 dedicat
236 2287 374 2355 πέπλων
403 2281 512 2374 ὀλίγον
539 2283 712 2374 πτύγμα,
742 2289 788 2352 sic
821 2289 1048 2376 lexicographi
1078 2283 1238 2375 πτύγμα
1261 2289 1428 2378 explicant

78 2425 137 2488 per
172 2395 369 2486 δύπλωμα
403 2400 574 2486 (Hesych.,
612 2399 712 2483 Seia,
747 2401 859 2486 Phot.)
893 2407 927 2466 et
955 2395 1099 2481 πτύξις
1132 2423 1191 2487 per
1224 2396 1428 2478 ὄίπλωσις

80 2513 246 2599 (Eusteth.
268 2536 300 2600 p.
317 2515 390 2580 633.
409 2513 475 2598 19).Ι
518 2512 562 2576 ΕΙ
593 2513 621 2576 si
649 2513 709 2577 hoc
738 2507 985 2595 adducerent,
1014 2513 1069 2578 vix
1098 2513 1175 2594 scio,
1206 2533 1269 2597 quo
1292 2511 1426 2576 meliore

79 2627 210 2692 nomine
237 2631 368 2720 partem
392 2623 612 2710 dependulem
641 2623 797 2711 duplicati
820 2625 1005 2690 vestimenti
1029 2625 1212 2710 significes,
1237 2645 1331 2709 quam
1356 2623 1426 2709 ipso

26 2807 27 2836 r
79 2739 134 2803 illo
159 2729 388 2821 ἆπύπτογμα.·
410 2727 750 2800 ἀπο-πτύσσεται
773 2733 891 2819 uempe
915 2758 935 2800 a
957 2737 1086 2822 proprio
1111 2736 1270 2800 chitone.l

166 2867 236 2930 Iam
258 2866 396 2932 verbum
418 2887 484 2931 non
506 2866 646 2952 amplius
669 2864 796 2931 addam.

172 3127 180 3159 ¹
200 3125 269 3179 Cum
287 3121 357 3176 mihi
381 3121 495 3192 quidem
520 3121 615 3176 fulcris
638 3121 779 3176 sententia
801 3119 929 3195 indigere
952 3135 1009 3172 non
1027 3118 1171 3184 videatur,
1198 3119 1311 3174 remitto
1333 3119 1424 3174 locum

27 3237 28 3242 ν
82 3214 151 3266 Aen.
176 3209 281 3266 Tectic.
306 3211 453 3264 comment.
471 3209 577 3279 poliorc
595 3227 621 3278 p.
634 3208 825 3263 e4.15-95.4
843 3205 982 3272 Hercher.,
1005 3206 1054 3260 ubi
1071 3206 1187 3276 legitur:
1268 3209 1306 3266 εἰς
1323 3207 1425 3276 βίβλων

83 3295 242 3370 γράψαντες
264 3294 299 3354 οἷς
317 3293 483 3348 λεπτότατον
506 3292 628 3367 μακρούς
646 3293 756 3363 στίχους
774 3291 820 3346 καὶ
842 3291 927 3346 λεπτοὶ
949 3291 1114 3362 γράμματα,
1143 3291 1176 3344 ἵν’
1198 3293 1234 3352 ιύς
1257 3289 1424 3362 εύογκοτύτη

26 3383 28 3440 J
80 3383 193 3452 γένηται
210 3381 228 3450 ἡ
246 3381 388 3450 ἐπιστολή,
413 3367 487 3434 εἶτα
506 3379 559 3434 ἐπὶ
582 3383 624 3452 τῷ
643 3379 721 3451 ὤμῳ
739 3381 798 3433 τού
814 3381 959 3450 χιτῶνος
976 3378 1175 3445 ὑποθέντες,
1198 3377 1254 3430 καὶ
1274 3374 1424 3431 α’ποπτύ-

26 3473 27 3476 ’
80 3472 200 3528 ξαντες
224 3469 282 3521 τού
307 3465 516 3537 χιτωνίσκου
542 3465 596 3520 ἐπὶ
620 3468 664 3538 τῷ
687 3462 761 3536 ὤμῳ
789 3461 944 3524 ἀνύποπτος
967 3465 1002 3533 δή
1025 3464 1103 3519 δοκεῖ
1123 3452 1193 3518 εἶναι
1215 3465 1233 3532 ἡ
1254 3464 1354 3534 κομιδή
1377 3466 1425 3533 τῆς

81 3557 220 3625 asarota
241 3553 286 3608 καὶ
312 3554 488 3614 ἐνδεδυκότος
510 3556 583 3613 τινος
606 3553 654 3606 τόν
677 3553 842 3622 χιτωνίσκον
865 3552 911 3606 καὶ
934 3550 1003 3606 otte
1024 3553 1187 3625 φερομένου.
1223 3551 1275 3605 Hic
1298 3551 1373 3604 enim
1396 3553 1424 3603 et

80 3642 220 3710 Hauptius
238 3645 267 3696 et
284 3643 439 3697 Hercherus
457 3659 507 3712 pro
528 3644 647 3709 utroque
664 3629 774 3710 „olpoc“
792 3637 868 3712 ,,ᾠά“
888 3639 991 3710 scripto
1010 3634 1195 3692 ύποπτύσσων
1206 3637 1236 3692 in
1249 3638 1424 3692 ἐπιπτύσσων

80 3731 266 3784 mutaverunt.
292 3727 371 3794 Quod
383 3731 477 3783 utrum
495 3729 569 3782 recte
587 3727 704 3782 fecerint
722 3743 816 3796 necne,
831 3745 893 3782 cum
908 3725 1055 3806 subseciva
1072 3743 1156 3802 opere
1168 3725 1260 3779 hercle
1274 3723 1423 3801 diiudicari

26 3845 27 3850 κ
80 3833 136 3870 non
154 3814 249 3884 possit,
268 3815 330 3868 loco
348 3831 405 3869 non
422 3817 493 3870 utar.

166 3918 264 3986 Neque
287 3917 400 3972 silentio
424 3917 648 3987 praetermittere
675 3933 787 3986 possum
813 3916 844 3968 in
866 3917 954 3969 frusto
981 3913 1101 3981 quodem
1127 3911 1241 3966 tabulae
1263 3915 1422 3966 curatorum

83 4003 227 4058 Brauronii
246 4004 282 4072 (v.
295 4004 322 4057 h.
336 4021 363 4076 p.
382 4020 442 4074 cap.
454 4004 505 4072 ΙΙΙ)
530 4003 615 4056 semel
632 4001 690 4070 legi
712 4001 809 4054 literas
832 4007 907 4066 ΥΓΜ,
931 4000 1031 4068 quibus
1054 3998 1200 4053 Udalricus
1223 3998 1343 4059 Koehler
1359 3998 1421 4065 πτ-]

82 4089 209 4160 praefigit
231 4088 273 4159 (0.
288 4089 313 4142 I.
328 4089 362 4142 A.
381 4089 416 4163 ΙΙ.
435 4089 538 4142 76211.
557 4107 582 4143 v.
597 4089 649 4156 15).
687 4088 781 4155 Atque
805 4085 947 4154 equidem,
970 4085 1039 4152 quid
1053 4085 1120 4154 ¹illic
1143 4085 1230 4137 latere
1253 4084 1343 4152 possit
1368 4083 1422 4136 nisi

83 4175 259 4244 ύπόπτογμα,
282 4175 383 4229 nescio.
419 4174 517 4242 Neque
536 4173 611 4227 enim
629 4173 675 4227 hic
692 4175 725 4226 ut
742 4172 772 4225 in
790 4171 903 4224 Anthol.
923 4171 1013 4224 Pelet.
1026 4171 1071 4224 VI.
1090 4171 1140 4224 271
1160 4171 1194 4223 de
1211 4170 1321 4222 πέπλων
1339 4166 1421 4240 ὀλίγῳ

81 4261 218 4330 πτύγματο
246 4259 366 4329 cogitari
390 4261 492 4328 potest.
539 4259 574 4311 Et
601 4258 624 4312 si
651 4257 808 4326 exemplum
837 4255 1048 4325 apoptygmetis
1075 4255 1159 4308 soluti
1186 4254 1305 4322 quaeris,
1328 4255 1421 4323 relego

82 4350 110 4401 te
136 4346 170 4399 ad
202 4347 337 4400 Iunonem
361 4345 566 4400 Berolinensem
597 4343 758 4411 (Overbeck.
785 4341 984 4410 Keastmytbol.
1011 4344 1032 4395 t.
1062 4343 1102 4397 14.
1130 4345 1174 4410 21)
1210 4342 1421 4409 Minervamque

82 4431 192 4486 ΜΛΝ.
212 4432 258 4485 Xl.
278 4434 298 4486 b.
318 4433 358 4486 19.
