3086 5152
674 253 887 314 ..24-

111 462 151 503 ne
176 447 290 504 contra
313 462 365 504 me
389 440 449 503 hoo
471 442 581 506 utaris.
632 441 705 504 Etsi
728 440 815 505 enim
838 462 897 504 nos
920 440 1017 503 hodie
1041 437 1204 505 interdum
1221 441 1461 521 dubitabimus,
1519 447 1520 518 Ῐ

112 557 220 616 utrum
236 573 356 615 nomen
372 551 602 616 adhibeamus:
628 558 795 616 curatores
812 552 983 615 Brauronii
999 573 1063 614 non
1079 551 1322 634 dubitaverunt,
1347 554 1457 618 eredo.

112 663 181 726 Nos
205 663 301 750 hodie
332 664 477 727 contenti
506 665 626 729 erimus
657 665 690 730 iu
714 665 903 728 universum
927 664 1151 744 constituisse,
1180 663 1370 730 distinxisse
1403 687 1457 730 eos
1519 671 1520 746 ξ

114 775 200 840 inter
228 770 419 856 χιτωνίσκος
444 813 482 822 -
504 769 602 856 χιτών
620 815 659 824 -
677 770 843 858 χιτώνιον,
880 781 913 840 et
948 773 1109 860 quomodo
1142 775 1212 840 fere
1247 775 1457 842 distinxerint
1517 779 1520 916 1

116 889 219 951 seouti
243 887 312 951 sine
336 886 435 950 dubio
460 888 635 953 severioris
660 889 820 952 sermonis
843 911 949 952 usum.
1518 923 1520 982 Ι

223 999 323 1064 Cuius
346 1021 424 1064 usus
452 1001 485 1063 in
508 1022 641 1064 eausam
664 1001 828 1086 inquirere
852 1022 937 1064 nuno
961 1021 1107 1084 noque0;
1135 1021 1235 1063 unum
1264 1005 1374 1064 tamen
1398 999 1454 1064 ad·
1518 1007 1520 1090 l

112 1133 246 1176 monere
276 1133 343 1176 non
370 1113 645 1198 praetermittam,
680 1112 713 1176 id
740 1113 827 1192 dioo,
865 1111 951 1196 quod
989 1111 1140 1176 similiter
1174 1103 1324 1192 χιτώνιον
1350 1112 1455 1175 forma
1518 1095 1520 1188 l

113 1223 259 1287 adhibita
288 1223 366 1286 mihi
395 1246 469 1290 esse
493 1223 635 1305 videtur,
668 1246 706 1288 ae
738 1219 935 1288 drmlor'dmr.
980 1223 1054 1286 Non
1081 1222 1114 1285 id
1142 1222 1322 1308 diploidum
1350 1245 1453 1308 genus
1517 1189 1520 1272 l

113 1330 300 1400 διπλοίόιον
323 1356 388 1400 vox
411 1335 586 1419 signifieat,
610 1336 695 1420 quod
720 1358 739 1400 a
761 1336 953 1401 mulieribus
977 1335 1118 1418 geritur,
1142 1333 1200 1399 sed
1225 1335 1453 1398 vestimentum
1518 1391 1520 1426 4

114 1453 252 1511 externa
275 1447 404 1531 quidem
430 1447 540 1532 speeie
567 1447 765 1512 simillimum
789 1447 934 1533 diploidi,
958 1447 1163 1510 immutatum
1185 1452 1296 1510 tamen
1319 1451 1354 1511 et
1370 1445 1453 1530 quod
1518 1431 1520 1460 ³

114 1557 155 1620 ad
180 1564 375 1622 structuram
397 1565 430 1623 et
454 1559 539 1643 quod
563 1559 604 1622 ad
621 1559 797 1624 adhibendi
820 1559 978 1624 rationem
1002 1557 1188 1642 (consutum
1213 1562 1262 1620 est
1285 1559 1318 1621 in
1341 1559 1452 1636 latere,

114 1671 255 1755 endyma
270 1671 391 1734 laetum
408 1669 484 1755 est).
520 1670 573 1734 Sio
589 1665 738 1751 χιτώνιον
753 1693 881 1757 quoque
898 1692 961 1735 non
978 1691 1091 1734 omnes
1114 1670 1289 1733 muliebres
1307 1670 1451 1733 ohitones

115 1782 291 1866 signifieat,
323 1783 382 1847 sed
411 1782 593 1864 chilonem,
628 1785 683 1867 qui
716 1805 735 1848 a
763 1783 882 1848 ueteris
914 1782 1083 1847 manicatis
1113 1787 1146 1846 et
1173 1781 1278 1845 forma
1305 1781 1450 1846 diversus

115 1899 185 1958 erat
201 1899 234 1958 et
249 1893 344 1958 aliter
364 1893 581 1960 adhibebatur
597 1893 732 1980 (fibulae
743 1893 775 1980 l).
796 1895 848 1980 ¹Ao
864 1895 988 1959 formae
1004 1895 1078 1958 illas
1095 1893 1301 1960 diversitates
1317 1893 1450 1957 nominis

114 2006 372 2070 immutationem
389 2006 548 2086 effecisse,
568 2028 673 2092 neque
695 2008 795 2072 ullius
816 2008 972 2072 momenti
988 2007 1087 2071 fuisse
1111 2006 1195 2070 hano
1215 2005 1257 2070 ad
1279 2026 1348 2069 rem
1369 2003 1449 2090 quod

115 2119 289 2182 mulierum
320 2118 397 2182 illae
426 2118 549 2183 formae
577 2120 729 2205 propriae
758 2121 865 2184 factae
889 2121 971 2199 sint,
1000 2119 1062 2183 hoe
1088 2139 1352 2203 unumquemque
1375 2116 1449 2183 mihi

115 2250 345 2294 concessurum
369 2251 442 2294 OSSO
466 2251 572 2315 ΒΡΘΙῸ.
