<?xml version="1.0" encoding="UTF-8"?>
<!DOCTYPE html PUBLIC "-//W3C//DTD XHTML 1.0 Transitional//EN"
    "http://www.w3.org/TR/xhtml1/DTD/xhtml1-transitional.dtd">
<html xmlns="http://www.w3.org/1999/xhtml" xml:lang="en" lang="en">
 <head>
  <title>
</title>
<meta http-equiv="Content-Type" content="text/html;charset=utf-8" />
  <meta name='ocr-system' content='tesseract 3.04.00' />
  <meta name='ocr-capabilities' content='ocr_page ocr_carea ocr_par ocr_line ocrx_word'/>
</head>
<body>
  <div class='ocr_page' id='page_1' title='image "./quaestionumdere00boehgoog_0022.png"; bbox 0 0 3086 5152; ppageno 0'>
   <div class='ocr_carea' id='block_1_1' title="bbox 660 288 874 351">
    <p class='ocr_par' dir='ltr' id='par_1_1' title="bbox 660 288 874 351">
     <span class='ocr_line' id='line_1_1' title="bbox 660 288 874 351; baseline -0.009 -15"><span class='ocrx_word' id='word_1_1' title='bbox 660 288 874 351; x_wconf 73' lang='lat'>„16..</span> 
     </span>
    </p>
   </div>
   <div class='ocr_carea' id='block_1_2' title="bbox 42 458 1445 1346">
    <p class='ocr_par' dir='ltr' id='par_1_2' title="bbox 42 458 1445 1346">
     <span class='ocr_line' id='line_1_2' title="bbox 98 458 1445 562; baseline -0.005 -18"><span class='ocrx_word' id='word_1_2' title='bbox 98 478 259 546; x_wconf 82' lang='lat' dir='ltr'>Gerhard.</span> <span class='ocrx_word' id='word_1_3' title='bbox 272 479 314 543; x_wconf 85' lang='grc' dir='ltr'>Α.</span> <span class='ocrx_word' id='word_1_4' title='bbox 324 472 419 543; x_wconf 86' lang='lat' dir='ltr'>V.-B.</span> <span class='ocrx_word' id='word_1_5' title='bbox 435 484 458 544; x_wconf 92' lang='lat' dir='ltr'>t.</span> <span class='ocrx_word' id='word_1_6' title='bbox 475 479 546 558; x_wconf 76' lang='lat'>184,</span> <span class='ocrx_word' id='word_1_7' title='bbox 569 476 703 562; x_wconf 83' lang='lat' dir='ltr'>virginis</span> <span class='ocrx_word' id='word_1_8' title='bbox 720 477 763 540; x_wconf 90' lang='lat' dir='ltr'>ib.</span> <span class='ocrx_word' id='word_1_9' title='bbox 776 483 798 540; x_wconf 96' lang='lat' dir='ltr'>t.</span> <span class='ocrx_word' id='word_1_10' title='bbox 814 479 887 557; x_wconf 85' lang='grc'>200,</span> <span class='ocrx_word' id='word_1_11' title='bbox 904 475 1076 541; x_wconf 81' lang='lat' dir='ltr'>Maenadis</span> <span class='ocrx_word' id='word_1_12' title='bbox 1088 461 1129 538; x_wconf 74' lang='lat' dir='ltr'>E.</span> <span class='ocrx_word' id='word_1_13' title='bbox 1142 473 1175 539; x_wconf 81' lang='lat'>0.</span> <span class='ocrx_word' id='word_1_14' title='bbox 1188 473 1214 539; x_wconf 95' lang='grc' dir='ltr'>Ι.</span> <span class='ocrx_word' id='word_1_15' title='bbox 1231 480 1252 538; x_wconf 92' lang='lat' dir='ltr'>t.</span> <span class='ocrx_word' id='word_1_16' title='bbox 1265 477 1306 538; x_wconf 90' lang='grc'>47</span> <span class='ocrx_word' id='word_1_17' title='bbox 1322 458 1445 558; x_wconf 83' lang='lat' dir='ltr'>(cincta</span> 
     </span>
     <span class='ocr_line' id='line_1_3' title="bbox 98 570 1442 677; baseline -0.006 -20"><span class='ocrx_word' id='word_1_18' title='bbox 98 598 150 657; x_wconf 90' lang='lat' dir='ltr'>est</span> <span class='ocrx_word' id='word_1_19' title='bbox 173 599 270 677; x_wconf 83' lang='lat' dir='ltr'>supra</span> <span class='ocrx_word' id='word_1_20' title='bbox 286 590 450 676; x_wconf 86' lang='lat' dir='ltr'>deplicata</span> <span class='ocrx_word' id='word_1_21' title='bbox 470 593 563 674; x_wconf 91' lang='lat' dir='ltr'>parte</span> <span class='ocrx_word' id='word_1_22' title='bbox 580 587 724 673; x_wconf 84' lang='lat' dir='ltr'>diplois),</span> <span class='ocrx_word' id='word_1_23' title='bbox 747 580 876 653; x_wconf 88' lang='lat' dir='ltr'>Dianae</span> <span class='ocrx_word' id='word_1_24' title='bbox 902 589 936 650; x_wconf 92' lang='lat' dir='ltr'>in</span> <span class='ocrx_word' id='word_1_25' title='bbox 961 594 1079 673; x_wconf 89' lang='lat' dir='ltr'>ectypo</span> <span class='ocrx_word' id='word_1_26' title='bbox 1095 586 1219 672; x_wconf 83' lang='lat' dir='ltr'>Argivo</span> <span class='ocrx_word' id='word_1_27' title='bbox 1234 570 1442 651; x_wconf 83' lang='lat' dir='ltr'>nobilissimo</span> 
     </span>
     <span class='ocr_line' id='line_1_4' title="bbox 42 685 1442 789; baseline -0.004 -22"><span class='ocrx_word' id='word_1_28' title='bbox 42 689 45 696; x_wconf 45' lang='lat'><strong>⁴</strong></span> <span class='ocrx_word' id='word_1_29' title='bbox 96 703 303 789; x_wconf 90' lang='lat' dir='ltr'>Polystratae</span> <span class='ocrx_word' id='word_1_30' title='bbox 327 701 388 786; x_wconf 85' lang='lat' dir='ltr'>(Le</span> <span class='ocrx_word' id='word_1_31' title='bbox 412 698 745 783; x_wconf 85' lang='lat' dir='ltr'>Bas-Waddington‚</span> <span class='ocrx_word' id='word_1_32' title='bbox 779 698 923 764; x_wconf 78' lang='lat' dir='ltr'>Monam.</span> <span class='ocrx_word' id='word_1_33' title='bbox 949 699 1042 779; x_wconf 65' lang='grc' dir='ltr'>γέρον.</span> <span class='ocrx_word' id='word_1_34' title='bbox 1066 703 1088 762; x_wconf 91' lang='lat' dir='ltr'>t.</span> <span class='ocrx_word' id='word_1_35' title='bbox 1108 701 1178 762; x_wconf 86' lang='grc'>102.</span> <span class='ocrx_word' id='word_1_36' title='bbox 1204 697 1247 783; x_wconf 80' lang='lat'>1),</span> <span class='ocrx_word' id='word_1_37' title='bbox 1280 685 1442 783; x_wconf 81' lang='lat' dir='ltr'>Steropae</span> 
     </span>
     <span class='ocr_line' id='line_1_5' title="bbox 99 807 1442 899; baseline -0.003 -21"><span class='ocrx_word' id='word_1_38' title='bbox 99 837 116 878; x_wconf 90' lang='lat' dir='ltr'>e</span> <span class='ocrx_word' id='word_1_39' title='bbox 146 814 276 899; x_wconf 88' lang='lat' dir='ltr'>fastigio</span> <span class='ocrx_word' id='word_1_40' title='bbox 305 814 455 878; x_wconf 85' lang='lat' dir='ltr'>orientali</span> <span class='ocrx_word' id='word_1_41' title='bbox 486 811 670 896; x_wconf 83' lang='lat' dir='ltr'>Olympiaci</span> <span class='ocrx_word' id='word_1_42' title='bbox 699 810 789 874; x_wconf 90' lang='lat' dir='ltr'>Iovis</span> <span class='ocrx_word' id='word_1_43' title='bbox 824 810 937 894; x_wconf 91' lang='lat' dir='ltr'>templi</span> <span class='ocrx_word' id='word_1_44' title='bbox 966 807 1136 894; x_wconf 77' lang='lat' dir='ltr'>(Ausprab.</span> <span class='ocrx_word' id='word_1_45' title='bbox 1169 829 1196 872; x_wconf 87' lang='lat' dir='ltr'>o.</span> <span class='ocrx_word' id='word_1_46' title='bbox 1228 808 1372 892; x_wconf 70' lang='lat' dir='ltr'>Olympio</span> <span class='ocrx_word' id='word_1_47' title='bbox 1395 809 1442 874; x_wconf 92' lang='lat' dir='ltr'>II.</span> 
     </span>
     <span class='ocr_line' id='line_1_6' title="bbox 97 916 1441 1011; baseline -0.004 -21"><span class='ocrx_word' id='word_1_48' title='bbox 97 931 120 990; x_wconf 93' lang='lat' dir='ltr'>t.</span> <span class='ocrx_word' id='word_1_49' title='bbox 136 925 180 1011; x_wconf 84' lang='lat'>6),</span> <span class='ocrx_word' id='word_1_50' title='bbox 209 931 389 990; x_wconf 89' lang='lat' dir='ltr'>statuarum</span> <span class='ocrx_word' id='word_1_51' title='bbox 417 924 600 1003; x_wconf 83' lang='lat' dir='ltr'>Minervae,</span> <span class='ocrx_word' id='word_1_52' title='bbox 632 942 723 1007; x_wconf 85' lang='lat' dir='ltr'>quae·</span> <span class='ocrx_word' id='word_1_53' title='bbox 745 923 786 986; x_wconf 86' lang='lat' dir='ltr'>ad</span> <span class='ocrx_word' id='word_1_54' title='bbox 814 921 950 986; x_wconf 85' lang='lat' dir='ltr'>Phidiae</span> <span class='ocrx_word' id='word_1_55' title='bbox 974 916 1148 1007; x_wconf 75' lang='grc' dir='ltr'><strong><em>Πάρθενον</em></strong></span> <span class='ocrx_word' id='word_1_56' title='bbox 1177 921 1336 1001; x_wconf 78' lang='lat' dir='ltr'>recedunt</span> <span class='ocrx_word' id='word_1_57' title='bbox 1368 921 1441 1005; x_wconf 79' lang='lat' dir='ltr'>(cir.</span> 
     </span>
     <span class='ocr_line' id='line_1_7' title="bbox 100 1031 1441 1120; baseline -0.003 -20"><span class='ocrx_word' id='word_1_58' title='bbox 100 1036 284 1117; x_wconf 72' lang='lat' dir='ltr'>Schmihm,</span> <span class='ocrx_word' id='word_1_59' title='bbox 307 1036 466 1101; x_wconf 75' lang='lat' dir='ltr'>Attoaat.</span> <span class='ocrx_word' id='word_1_60' title='bbox 497 1035 552 1098; x_wconf 85' lang='lat' dir='ltr'>der</span> <span class='ocrx_word' id='word_1_61' title='bbox 578 1033 678 1097; x_wconf 70' lang='lat' dir='ltr'>sucas.</span> <span class='ocrx_word' id='word_1_62' title='bbox 705 1033 870 1098; x_wconf 76' lang='lat' dir='ltr'>Gescltsch.</span> <span class='ocrx_word' id='word_1_63' title='bbox 900 1035 931 1096; x_wconf 84' lang='lat' dir='ltr'>ot.</span> <span class='ocrx_word' id='word_1_64' title='bbox 962 1033 1055 1098; x_wconf 76' lang='lat' dir='ltr'>Wtss.</span> <span class='ocrx_word' id='word_1_65' title='bbox 1084 1033 1177 1097; x_wconf 87' lang='lat' dir='ltr'>XIX.</span> <span class='ocrx_word' id='word_1_66' title='bbox 1208 1031 1307 1120; x_wconf 71' lang='lat' dir='ltr'>[Pte.</span> <span class='ocrx_word' id='word_1_67' title='bbox 1331 1033 1441 1096; x_wconf 75' lang='lat' dir='ltr'>histor.</span> 
     </span>
     <span class='ocr_line' id='line_1_8' title="bbox 103 1143 1443 1233; baseline -0.005 -20"><span class='ocrx_word' id='word_1_68' title='bbox 103 1146 210 1213; x_wconf 76' lang='lat' dir='ltr'>Classe</span> <span class='ocrx_word' id='word_1_69' title='bbox 236 1145 343 1233; x_wconf 77' lang='lat' dir='ltr'>VHLl</span> <span class='ocrx_word' id='word_1_70' title='bbox 379 1150 459 1212; x_wconf 87' lang='lat'>1883</span> <span class='ocrx_word' id='word_1_71' title='bbox 494 1153 516 1210; x_wconf 92' lang='lat' dir='ltr'>t.</span> <span class='ocrx_word' id='word_1_72' title='bbox 549 1151 632 1231; x_wconf 84' lang='lat' dir='ltr'>leq.</span> <span class='ocrx_word' id='word_1_73' title='bbox 683 1145 820 1210; x_wconf 87' lang='lat' dir='ltr'>Omnes</span> <span class='ocrx_word' id='word_1_74' title='bbox 845 1146 970 1210; x_wconf 91' lang='lat' dir='ltr'>cinctae</span> <span class='ocrx_word' id='word_1_75' title='bbox 1007 1151 1082 1209; x_wconf 89' lang='lat' dir='ltr'>sunt</span> <span class='ocrx_word' id='word_1_76' title='bbox 1119 1165 1218 1232; x_wconf 89' lang='lat' dir='ltr'>supra</span> <span class='ocrx_word' id='word_1_77' title='bbox 1257 1143 1443 1231; x_wconf 86' lang='lat' dir='ltr'>dependula</span> 
     </span>
     <span class='ocr_line' id='line_1_9' title="bbox 99 1259 236 1346; baseline 0.007 -22"><span class='ocrx_word' id='word_1_78' title='bbox 99 1259 236 1346; x_wconf 88' lang='lat' dir='ltr'>parte.)¹</span> 
     </span>
    </p>
   </div>
   <div class='ocr_carea' id='block_1_3' title="bbox 100 1392 1445 2262">
    <p class='ocr_par' dir='ltr' id='par_1_3' title="bbox 100 1392 1445 2262">
     <span class='ocr_line' id='line_1_10' title="bbox 188 1392 1441 1481; baseline -0.004 -20"><span class='ocrx_word' id='word_1_79' title='bbox 188 1396 323 1462; x_wconf 84' lang='lat' dir='ltr'>Scdne</span> <span class='ocrx_word' id='word_1_80' title='bbox 354 1397 523 1460; x_wconf 90' lang='lat' dir='ltr'>reticuisse</span> <span class='ocrx_word' id='word_1_81' title='bbox 555 1415 607 1458; x_wconf 92' lang='lat' dir='ltr'>me</span> <span class='ocrx_word' id='word_1_82' title='bbox 631 1397 721 1459; x_wconf 88' lang='lat' dir='ltr'>locos</span> <span class='ocrx_word' id='word_1_83' title='bbox 752 1395 937 1459; x_wconf 90' lang='lat' dir='ltr'>sententiae</span> <span class='ocrx_word' id='word_1_84' title='bbox 970 1416 1063 1460; x_wconf 90' lang='lat' dir='ltr'>meae</span> <span class='ocrx_word' id='word_1_85' title='bbox 1088 1400 1309 1481; x_wconf 82' lang='lat' dir='ltr'>repugnantes</span> <span class='ocrx_word' id='word_1_86' title='bbox 1333 1392 1441 1458; x_wconf 89' lang='lat' dir='ltr'>dicas:</span> 
     </span>
     <span class='ocr_line' id='line_1_11' title="bbox 100 1499 1441 1592; baseline -0.003 -20"><span class='ocrx_word' id='word_1_87' title='bbox 100 1509 266 1574; x_wconf 80' lang='lat' dir='ltr'>invenitur</span> <span class='ocrx_word' id='word_1_88' title='bbox 288 1509 399 1592; x_wconf 82' lang='lat' dir='ltr'>glossa</span> <span class='ocrx_word' id='word_1_89' title='bbox 422 1505 508 1592; x_wconf 91' lang='lat' dir='ltr'>apud</span> <span class='ocrx_word' id='word_1_90' title='bbox 532 1506 757 1570; x_wconf 90' lang='lat' dir='ltr'>Herodianum</span> <span class='ocrx_word' id='word_1_91' title='bbox 784 1505 916 1590; x_wconf 82' lang='lat' dir='ltr'>(Philet.</span> <span class='ocrx_word' id='word_1_92' title='bbox 934 1529 965 1591; x_wconf 89' lang='lat' dir='ltr'>p.</span> <span class='ocrx_word' id='word_1_93' title='bbox 984 1509 1046 1570; x_wconf 87' lang='grc'>446</span> <span class='ocrx_word' id='word_1_94' title='bbox 1063 1505 1224 1592; x_wconf 85' lang='lat' dir='ltr'>Pierson.)</span> <span class='ocrx_word' id='word_1_95' title='bbox 1248 1499 1441 1592; x_wconf 79' lang='grc' dir='ltr'><strong><em>διπλήδιον·</em></strong></span> 
     </span>
     <span class='ocr_line' id='line_1_12' title="bbox 103 1614 1441 1704; baseline -0.004 -19"><span class='ocrx_word' id='word_1_96' title='bbox 103 1614 234 1704; x_wconf 75' lang='grc' dir='ltr'><strong><em>ἱμάτιον</em></strong></span> <span class='ocrx_word' id='word_1_97' title='bbox 257 1617 405 1684; x_wconf 77' lang='grc' dir='ltr'><strong><em>διπλοῦν.</em></strong></span> <span class='ocrx_word' id='word_1_98' title='bbox 450 1617 537 1682; x_wconf 87' lang='lat' dir='ltr'>Dein</span> <span class='ocrx_word' id='word_1_99' title='bbox 561 1617 662 1682; x_wconf 85' lang='lat' dir='ltr'>vestis</span> <span class='ocrx_word' id='word_1_100' title='bbox 694 1617 841 1702; x_wconf 84' lang='lat' dir='ltr'>superior</span> <span class='ocrx_word' id='word_1_101' title='bbox 864 1618 979 1680; x_wconf 91' lang='lat' dir='ltr'>summi</span> <span class='ocrx_word' id='word_1_102' title='bbox 1001 1615 1162 1702; x_wconf 87' lang='lat' dir='ltr'>pontificis</span> <span class='ocrx_word' id='word_1_103' title='bbox 1185 1617 1383 1682; x_wconf 89' lang='lat' dir='ltr'>Iudaeorum</span> <span class='ocrx_word' id='word_1_104' title='bbox 1406 1617 1441 1680; x_wconf 91' lang='lat' dir='ltr'>in</span> 
     </span>
     <span class='ocr_line' id='line_1_13' title="bbox 101 1723 1443 1816; baseline -0.003 -21"><span class='ocrx_word' id='word_1_105' title='bbox 101 1732 207 1796; x_wconf 83' lang='lat' dir='ltr'>lexico</span> <span class='ocrx_word' id='word_1_106' title='bbox 244 1730 451 1794; x_wconf 90' lang='lat' dir='ltr'>Bachmanni</span> <span class='ocrx_word' id='word_1_107' title='bbox 486 1752 511 1793; x_wconf 92' lang='lat' dir='ltr'>s.</span> <span class='ocrx_word' id='word_1_108' title='bbox 534 1750 564 1794; x_wconf 86' lang='lat' dir='ltr'>v.</span> <span class='ocrx_word' id='word_1_109' title='bbox 599 1723 728 1816; x_wconf 67' lang='lat' dir='ltr'>c’porid:</span> <span class='ocrx_word' id='word_1_110' title='bbox 763 1725 897 1806; x_wconf 83' lang='grc' dir='ltr'><strong><em>διπλοΐς</em></strong></span> <span class='ocrx_word' id='word_1_111' title='bbox 933 1733 1086 1810; x_wconf 82' lang='lat' dir='ltr'>vocatur,</span> <span class='ocrx_word' id='word_1_112' title='bbox 1126 1729 1213 1815; x_wconf 93' lang='lat' dir='ltr'>apud</span> <span class='ocrx_word' id='word_1_113' title='bbox 1251 1728 1443 1794; x_wconf 80' lang='lat' dir='ltr'>Oramerum</span> 
     </span>
     <span class='ocr_line' id='line_1_14' title="bbox 101 1839 1441 1930; baseline -0.003 -23"><span class='ocrx_word' id='word_1_114' title='bbox 101 1849 211 1908; x_wconf 91' lang='lat' dir='ltr'>autem</span> <span class='ocrx_word' id='word_1_115' title='bbox 234 1843 267 1930; x_wconf 90' lang='lat' dir='ltr'>in</span> <span class='ocrx_word' id='word_1_116' title='bbox 291 1842 457 1927; x_wconf 87' lang='lat' dir='ltr'>excerptis</span> <span class='ocrx_word' id='word_1_117' title='bbox 481 1863 499 1905; x_wconf 89' lang='lat' dir='ltr'>o</span> <span class='ocrx_word' id='word_1_118' title='bbox 523 1839 657 1924; x_wconf 82' lang='lat' dir='ltr'>Georgii</span> <span class='ocrx_word' id='word_1_119' title='bbox 680 1839 865 1904; x_wconf 88' lang='lat' dir='ltr'>Hamartoli</span> <span class='ocrx_word' id='word_1_120' title='bbox 889 1839 1050 1904; x_wconf 77' lang='lat' dir='ltr'>Chronico</span> <span class='ocrx_word' id='word_1_121' title='bbox 1076 1839 1208 1924; x_wconf 81' lang='lat' dir='ltr'>(Aneod.</span> <span class='ocrx_word' id='word_1_122' title='bbox 1224 1859 1324 1922; x_wconf 76' lang='lat' dir='ltr'>praec.</span> <span class='ocrx_word' id='word_1_123' title='bbox 1349 1859 1441 1903; x_wconf 83' lang='grc' dir='ltr'><strong><em>ονιονι.</em></strong></span> 
     </span>
     <span class='ocr_line' id='line_1_15' title="bbox 101 1947 1444 2040; baseline -0.002 -23"><span class='ocrx_word' id='word_1_124' title='bbox 101 1953 160 2019; x_wconf 90' lang='lat' dir='ltr'>IV.</span> <span class='ocrx_word' id='word_1_125' title='bbox 184 1976 216 2040; x_wconf 90' lang='lat' dir='ltr'>p.</span> <span class='ocrx_word' id='word_1_126' title='bbox 233 1952 309 2039; x_wconf 87' lang='grc'>228)</span> <span class='ocrx_word' id='word_1_127' title='bbox 333 1947 544 2018; x_wconf 70' lang='grc' dir='ltr'>διπλόὸιονε2</span> <span class='ocrx_word' id='word_1_128' title='bbox 570 1953 754 2038; x_wconf 89' lang='lat' dir='ltr'>promiscue</span> <span class='ocrx_word' id='word_1_129' title='bbox 785 1952 887 2036; x_wconf 89' lang='lat' dir='ltr'>igitur</span> <span class='ocrx_word' id='word_1_130' title='bbox 912 1957 1050 2036; x_wconf 92' lang='lat' dir='ltr'>utraque</span> <span class='ocrx_word' id='word_1_131' title='bbox 1073 1971 1154 2017; x_wconf 81' lang='lat' dir='ltr'>voce</span> <span class='ocrx_word' id='word_1_132' title='bbox 1183 1957 1330 2016; x_wconf 90' lang='lat' dir='ltr'>utuntur.</span> <span class='ocrx_word' id='word_1_133' title='bbox 1376 1950 1444 2016; x_wconf 86' lang='lat' dir='ltr'>Sed</span> 
     </span>
     <span class='ocr_line' id='line_1_16' title="bbox 101 2058 1443 2150; baseline -0.001 -22"><span class='ocrx_word' id='word_1_134' title='bbox 101 2063 183 2129; x_wconf 92' lang='lat' dir='ltr'>illud</span> <span class='ocrx_word' id='word_1_135' title='bbox 203 2065 250 2128; x_wconf 93' lang='lat' dir='ltr'>nil</span> <span class='ocrx_word' id='word_1_136' title='bbox 272 2065 371 2145; x_wconf 85' lang='lat' dir='ltr'>valet,</span> <span class='ocrx_word' id='word_1_137' title='bbox 394 2086 470 2128; x_wconf 91' lang='lat' dir='ltr'>nam</span> <span class='ocrx_word' id='word_1_138' title='bbox 490 2065 683 2150; x_wconf 88' lang='lat' dir='ltr'>saepissime</span> <span class='ocrx_word' id='word_1_139' title='bbox 707 2064 930 2149; x_wconf 78' lang='lat' dir='ltr'>lexicographi</span> <span class='ocrx_word' id='word_1_140' title='bbox 946 2058 1078 2146; x_wconf 74' lang='grc' dir='ltr'><strong><em>ἱμάτιον</em></strong></span> <span class='ocrx_word' id='word_1_141' title='bbox 1100 2065 1215 2129; x_wconf 89' lang='lat' dir='ltr'>latiore</span> <span class='ocrx_word' id='word_1_142' title='bbox 1233 2085 1331 2129; x_wconf 92' lang='lat' dir='ltr'>sensu</span> <span class='ocrx_word' id='word_1_143' title='bbox 1346 2084 1443 2129; x_wconf 90' lang='lat' dir='ltr'>usur-</span> 
     </span>
     <span class='ocr_line' id='line_1_17' title="bbox 101 2167 1445 2262; baseline -0.001 -22"><span class='ocrx_word' id='word_1_144' title='bbox 101 2181 197 2262; x_wconf 87' lang='lat' dir='ltr'>pant,</span> <span class='ocrx_word' id='word_1_145' title='bbox 226 2179 263 2238; x_wconf 90' lang='lat' dir='ltr'>ut</span> <span class='ocrx_word' id='word_1_146' title='bbox 291 2173 379 2239; x_wconf 92' lang='lat' dir='ltr'>idem</span> <span class='ocrx_word' id='word_1_147' title='bbox 404 2175 445 2238; x_wconf 93' lang='lat' dir='ltr'>sit</span> <span class='ocrx_word' id='word_1_148' title='bbox 467 2181 565 2260; x_wconf 90' lang='lat' dir='ltr'>atque</span> <span class='ocrx_word' id='word_1_149' title='bbox 588 2167 701 2261; x_wconf 72' lang='grc' dir='ltr'>ἐσθής.</span> <span class='ocrx_word' id='word_1_150' title='bbox 747 2173 790 2236; x_wconf 84' lang='lat' dir='ltr'>Et</span> <span class='ocrx_word' id='word_1_151' title='bbox 813 2173 899 2258; x_wconf 91' lang='lat' dir='ltr'>quod</span> <span class='ocrx_word' id='word_1_152' title='bbox 922 2173 964 2238; x_wconf 92' lang='lat' dir='ltr'>ad</span> <span class='ocrx_word' id='word_1_153' title='bbox 987 2176 1140 2239; x_wconf 87' lang='lat' dir='ltr'>alterum:</span> <span class='ocrx_word' id='word_1_154' title='bbox 1173 2196 1306 2261; x_wconf 91' lang='lat' dir='ltr'>operam</span> <span class='ocrx_word' id='word_1_155' title='bbox 1335 2180 1387 2240; x_wconf 90' lang='lat' dir='ltr'>est</span> <span class='ocrx_word' id='word_1_156' title='bbox 1410 2181 1445 2238; x_wconf 91' lang='lat' dir='ltr'>et</span> 
     </span>
    </p>
   </div>
   <div class='ocr_carea' id='block_1_4' title="bbox 102 2450 1447 3827">
    <p class='ocr_par' dir='ltr' id='par_1_4' title="bbox 102 2450 1447 3827">
     <span class='ocr_line' id='line_1_18' title="bbox 162 2450 1446 2542; baseline -0.001 -23"><span class='ocrx_word' id='word_1_157' title='bbox 162 2537 164 2542; x_wconf 15' lang='lat' dir='ltr'>y</span> <span class='ocrx_word' id='word_1_158' title='bbox 193 2469 201 2499; x_wconf 86' lang='lat'><strong>¹</strong></span> <span class='ocrx_word' id='word_1_159' title='bbox 220 2464 408 2519; x_wconf 88' lang='lat' dir='ltr'>Himatiomm</span> <span class='ocrx_word' id='word_1_160' title='bbox 426 2463 582 2534; x_wconf 87' lang='lat' dir='ltr'>duplicium</span> <span class='ocrx_word' id='word_1_161' title='bbox 606 2464 636 2517; x_wconf 89' lang='lat' dir='ltr'>in</span> <span class='ocrx_word' id='word_1_162' title='bbox 654 2466 774 2532; x_wconf 89' lang='lat' dir='ltr'>utroque</span> <span class='ocrx_word' id='word_1_163' title='bbox 797 2450 911 2518; x_wconf 89' lang='lat' dir='ltr'>humero</span> <span class='ocrx_word' id='word_1_164' title='bbox 930 2463 1016 2518; x_wconf 90' lang='lat' dir='ltr'>fibula</span> <span class='ocrx_word' id='word_1_165' title='bbox 1040 2465 1209 2520; x_wconf 74' lang='lat' dir='ltr'>confiniorum</span> <span class='ocrx_word' id='word_1_166' title='bbox 1227 2463 1344 2518; x_wconf 86' lang='lat' dir='ltr'>fortasse</span> <span class='ocrx_word' id='word_1_167' title='bbox 1366 2463 1446 2518; x_wconf 91' lang='lat' dir='ltr'>aliud</span> 
     </span>
     <span class='ocr_line' id='line_1_19' title="bbox 103 2548 1446 2620; baseline -0.001 -14"><span class='ocrx_word' id='word_1_168' title='bbox 103 2565 206 2606; x_wconf 92' lang='lat' dir='ltr'>nomeu</span> <span class='ocrx_word' id='word_1_169' title='bbox 223 2553 335 2620; x_wconf 88' lang='lat' dir='ltr'>praeter</span> <span class='ocrx_word' id='word_1_170' title='bbox 346 2551 477 2620; x_wconf 82' lang='lat' dir='ltr'>generale</span> <span class='ocrx_word' id='word_1_171' title='bbox 494 2548 565 2603; x_wconf 92' lang='lat' dir='ltr'>illud</span> <span class='ocrx_word' id='word_1_172' title='bbox 578 2548 717 2615; x_wconf 78' lang='grc' dir='ltr'><strong><em>,,διπλοΐς“</em></strong></span> <span class='ocrx_word' id='word_1_173' title='bbox 736 2548 815 2603; x_wconf 90' lang='lat' dir='ltr'>nobis</span> <span class='ocrx_word' id='word_1_174' title='bbox 834 2549 971 2604; x_wconf 90' lang='lat' dir='ltr'>traditum</span> <span class='ocrx_word' id='word_1_175' title='bbox 990 2553 1039 2605; x_wconf 87' lang='lat' dir='ltr'>est.</span> <span class='ocrx_word' id='word_1_176' title='bbox 1062 2553 1203 2620; x_wconf 83' lang='grc' dir='ltr'><strong><em>’Πτέρνγες</em></strong></span> <span class='ocrx_word' id='word_1_177' title='bbox 1215 2551 1360 2606; x_wconf 88' lang='lat' dir='ltr'>chitonum</span> <span class='ocrx_word' id='word_1_178' title='bbox 1372 2567 1446 2620; x_wconf 83' lang='lat' dir='ltr'>quae</span> 
     </span>
     <span class='ocr_line' id='line_1_20' title="bbox 103 2635 1447 2708; baseline -0.003 -17"><span class='ocrx_word' id='word_1_179' title='bbox 103 2637 161 2691; x_wconf 90' lang='lat' dir='ltr'>sint</span> <span class='ocrx_word' id='word_1_180' title='bbox 179 2636 279 2692; x_wconf 84' lang='lat' dir='ltr'>Pollux</span> <span class='ocrx_word' id='word_1_181' title='bbox 299 2653 350 2690; x_wconf 90' lang='lat' dir='ltr'>nos</span> <span class='ocrx_word' id='word_1_182' title='bbox 368 2635 461 2699; x_wconf 87' lang='lat' dir='ltr'>docet;</span> <span class='ocrx_word' id='word_1_183' title='bbox 485 2635 554 2689; x_wconf 89' lang='lat' dir='ltr'>dicit</span> <span class='ocrx_word' id='word_1_184' title='bbox 572 2635 644 2702; x_wconf 78' lang='lat' dir='ltr'>(Vll.</span> <span class='ocrx_word' id='word_1_185' title='bbox 657 2635 711 2703; x_wconf 83' lang='grc'>62);</span> <span class='ocrx_word' id='word_1_186' title='bbox 733 2636 805 2704; x_wconf 85' lang='grc' dir='ltr'><strong><em>μέρη</em></strong></span> <span class='ocrx_word' id='word_1_187' title='bbox 824 2635 854 2687; x_wconf 75' lang='grc' dir='ltr'>δέ</span> <span class='ocrx_word' id='word_1_188' title='bbox 872 2635 998 2704; x_wconf 73' lang='grc' dir='ltr'><strong><em>ἐσθήτων</em></strong></span> <span class='ocrx_word' id='word_1_189' title='bbox 1016 2639 1147 2708; x_wconf 79' lang='grc' dir='ltr'><em>πτέρυγες</em></span> <span class='ocrx_word' id='word_1_190' title='bbox 1163 2639 1216 2708; x_wconf 84' lang='grc' dir='ltr'>μέν</span> <span class='ocrx_word' id='word_1_191' title='bbox 1234 2635 1280 2690; x_wconf 83' lang='grc' dir='ltr'>καὶ</span> <span class='ocrx_word' id='word_1_192' title='bbox 1297 2636 1447 2708; x_wconf 79' lang='grc' dir='ltr'>πτερύγων</span> 
     </span>
     <span class='ocr_line' id='line_1_21' title="bbox 102 2719 1446 2792; baseline -0.001 -16"><span class='ocrx_word' id='word_1_193' title='bbox 102 2722 135 2776; x_wconf 77' lang='grc' dir='ltr'>τό</span> <span class='ocrx_word' id='word_1_194' title='bbox 156 2719 242 2792; x_wconf 81' lang='grc' dir='ltr'><strong><em>ἥμισυ</em></strong></span> <span class='ocrx_word' id='word_1_195' title='bbox 264 2724 314 2775; x_wconf 74' lang='grc' dir='ltr'>τοῦ</span> <span class='ocrx_word' id='word_1_196' title='bbox 329 2719 500 2790; x_wconf 76' lang='grc' dir='ltr'><strong><em>χιτωνίσκου.</em></strong></span> <span class='ocrx_word' id='word_1_197' title='bbox 537 2720 588 2775; x_wconf 81' lang='lat' dir='ltr'>cni</span> <span class='ocrx_word' id='word_1_198' title='bbox 606 2719 834 2790; x_wconf 86' lang='lat' dir='ltr'>interpretationi</span> <span class='ocrx_word' id='word_1_199' title='bbox 857 2738 914 2775; x_wconf 93' lang='lat' dir='ltr'>non</span> <span class='ocrx_word' id='word_1_200' title='bbox 938 2721 1096 2792; x_wconf 86' lang='lat' dir='ltr'>refragatur</span> <span class='ocrx_word' id='word_1_201' title='bbox 1112 2740 1207 2778; x_wconf 85' lang='lat' dir='ltr'>versus</span> <span class='ocrx_word' id='word_1_202' title='bbox 1225 2723 1446 2792; x_wconf 81' lang='lat' dir='ltr'>Aristophaneus</span> 
     </span>
     <span class='ocr_line' id='line_1_22' title="bbox 103 2806 1447 2881; baseline -0.001 -18"><span class='ocrx_word' id='word_1_203' title='bbox 103 2809 139 2863; x_wconf 86' lang='lat' dir='ltr'>ab</span> <span class='ocrx_word' id='word_1_204' title='bbox 161 2809 223 2878; x_wconf 88' lang='lat' dir='ltr'>ipso</span> <span class='ocrx_word' id='word_1_205' title='bbox 246 2825 310 2862; x_wconf 88' lang='lat' dir='ltr'>mox</span> <span class='ocrx_word' id='word_1_206' title='bbox 333 2807 480 2877; x_wconf 84' lang='lat' dir='ltr'>adlegatos</span> <span class='ocrx_word' id='word_1_207' title='bbox 498 2807 527 2875; x_wconf 88' lang='lat' dir='ltr'>(l.</span> <span class='ocrx_word' id='word_1_208' title='bbox 540 2808 564 2861; x_wconf 87' lang='grc'>5.</span> <span class='ocrx_word' id='word_1_209' title='bbox 577 2808 638 2876; x_wconf 78' lang='grc'><strong>66);</strong></span> <span class='ocrx_word' id='word_1_210' title='bbox 663 2806 713 2875; x_wconf 78' lang='grc' dir='ltr'>τήν</span> <span class='ocrx_word' id='word_1_211' title='bbox 736 2809 858 2878; x_wconf 79' lang='grc' dir='ltr'><strong><em>πτέρυγα</em></strong></span> <span class='ocrx_word' id='word_1_212' title='bbox 883 2808 1064 2881; x_wconf 74' lang='grc' dir='ltr'><strong><em>παραλύσουσα</em></strong></span> <span class='ocrx_word' id='word_1_213' title='bbox 1081 2811 1131 2863; x_wconf 76' lang='grc' dir='ltr'>τοῦ</span> <span class='ocrx_word' id='word_1_214' title='bbox 1150 2810 1280 2880; x_wconf 81' lang='grc' dir='ltr'><em>χιτωνίου</em></span> <span class='ocrx_word' id='word_1_215' title='bbox 1297 2812 1306 2879; x_wconf 71' lang='lat' dir='ltr'>l</span> <span class='ocrx_word' id='word_1_216' title='bbox 1323 2807 1369 2862; x_wconf 77' lang='grc' dir='ltr'>καὶ</span> <span class='ocrx_word' id='word_1_217' title='bbox 1390 2810 1447 2862; x_wconf 80' lang='grc' dir='ltr'>τῶν</span> 
     </span>
     <span class='ocr_line' id='line_1_23' title="bbox 104 2887 1446 2966; baseline 0.001 -18"><span class='ocrx_word' id='word_1_218' title='bbox 104 2893 269 2966; x_wconf 77' lang='grc' dir='ltr'><strong><em>ἁποέεσμῶν</em></strong></span> <span class='ocrx_word' id='word_1_219' title='bbox 288 2895 324 2962; x_wconf 65' lang='grc' dir='ltr'>(ῒ)</span> <span class='ocrx_word' id='word_1_220' title='bbox 343 2887 383 2953; x_wconf 79' lang='grc' dir='ltr'>οἷς</span> <span class='ocrx_word' id='word_1_221' title='bbox 400 2893 465 2962; x_wconf 79' lang='grc' dir='ltr'><strong><em>ἐνῆν</em></strong></span> <span class='ocrx_word' id='word_1_222' title='bbox 482 2891 610 2959; x_wconf 63' lang='lat' dir='ltr'>terdicta,</span> <span class='ocrx_word' id='word_1_223' title='bbox 631 2896 660 2947; x_wconf 90' lang='lat' dir='ltr'>et</span> <span class='ocrx_word' id='word_1_224' title='bbox 677 2893 779 2962; x_wconf 90' lang='lat' dir='ltr'>probat</span> <span class='ocrx_word' id='word_1_225' title='bbox 798 2910 859 2948; x_wconf 90' lang='lat' dir='ltr'>eam</span> <span class='ocrx_word' id='word_1_226' title='bbox 877 2894 1043 2950; x_wconf 84' lang='lat' dir='ltr'>Plutarchus</span> <span class='ocrx_word' id='word_1_227' title='bbox 1062 2896 1166 2965; x_wconf 81' lang='lat' dir='ltr'>(Comp.</span> <span class='ocrx_word' id='word_1_228' title='bbox 1185 2897 1268 2950; x_wconf 89' lang='lat' dir='ltr'>Num.</span> <span class='ocrx_word' id='word_1_229' title='bbox 1281 2899 1309 2951; x_wconf 90' lang='lat' dir='ltr'>et</span> <span class='ocrx_word' id='word_1_230' title='bbox 1327 2896 1446 2966; x_wconf 86' lang='lat' dir='ltr'>Lycurg.</span> 
     </span>
     <span class='ocr_line' id='line_1_24' title="bbox 103 2978 1446 3055; baseline -0.001 -18"><span class='ocrx_word' id='word_1_231' title='bbox 103 2983 153 3037; x_wconf 91' lang='grc' dir='ltr'><strong>ΙΙΙ.</strong></span> <span class='ocrx_word' id='word_1_232' title='bbox 167 2983 194 3051; x_wconf 91' lang='grc'>2)</span> <span class='ocrx_word' id='word_1_233' title='bbox 220 2981 385 3036; x_wconf 83' lang='lat' dir='ltr'>dechitone</span> <span class='ocrx_word' id='word_1_234' title='bbox 408 2979 491 3034; x_wconf 88' lang='lat' dir='ltr'>scisso</span> <span class='ocrx_word' id='word_1_235' title='bbox 510 2979 631 3048; x_wconf 75' lang='grc' dir='ltr'><strong><em>(σχιστός</em></strong></span> <span class='ocrx_word' id='word_1_236' title='bbox 647 2979 745 3049; x_wconf 82' lang='grc' dir='ltr'><strong><em>χιτών)</em></strong></span> <span class='ocrx_word' id='word_1_237' title='bbox 764 2981 914 3036; x_wconf 88' lang='lat' dir='ltr'>disserens:</span> <span class='ocrx_word' id='word_1_238' title='bbox 942 2983 981 3053; x_wconf 81' lang='grc' dir='ltr'>τῷ</span> <span class='ocrx_word' id='word_1_239' title='bbox 996 2981 1052 3055; x_wconf 75' lang='grc' dir='ltr'>γιέρ</span> <span class='ocrx_word' id='word_1_240' title='bbox 1075 2978 1134 3035; x_wconf 74' lang='grc' dir='ltr'><strong><em>ὄντι</em></strong></span> <span class='ocrx_word' id='word_1_241' title='bbox 1158 2983 1188 3034; x_wconf 81' lang='lat' dir='ltr'>ot</span> <span class='ocrx_word' id='word_1_242' title='bbox 1211 2984 1260 3036; x_wconf 79' lang='grc' dir='ltr'>τοῦ</span> <span class='ocrx_word' id='word_1_243' title='bbox 1277 2985 1446 3055; x_wconf 70' lang='grc' dir='ltr'><strong><em>παρθενικοῦ</em></strong></span> 
     </span>
     <span class='ocr_line' id='line_1_25' title="bbox 103 3053 1446 3140; baseline 0.002 -20"><span class='ocrx_word' id='word_1_244' title='bbox 103 3070 219 3137; x_wconf 77' lang='grc' dir='ltr'><strong><em>χιτῶνος</em></strong></span> <span class='ocrx_word' id='word_1_245' title='bbox 230 3068 361 3140; x_wconf 85' lang='grc' dir='ltr'><strong><em>πτέρυγες</em></strong></span> <span class='ocrx_word' id='word_1_246' title='bbox 375 3061 424 3118; x_wconf 72' lang='grc' dir='ltr'>οὐκ</span> <span class='ocrx_word' id='word_1_247' title='bbox 436 3053 508 3136; x_wconf 72' lang='grc' dir='ltr'><strong><em>ἦσαν</em></strong></span> <span class='ocrx_word' id='word_1_248' title='bbox 524 3067 746 3137; x_wconf 71' lang='grc' dir='ltr'><strong><em>συνερραμμέναι</em></strong></span> <span class='ocrx_word' id='word_1_249' title='bbox 761 3067 886 3121; x_wconf 73' lang='grc' dir='ltr'><strong><em>κάτωθεν</em></strong></span> <span class='ocrx_word' id='word_1_250' title='bbox 902 3063 970 3120; x_wconf 62' lang='lat' dir='ltr'>stata</span> <span class='ocrx_word' id='word_1_251' title='bbox 981 3070 1037 3123; x_wconf 78' lang='grc' dir='ltr'>κτλ.</span> <span class='ocrx_word' id='word_1_252' title='bbox 1061 3068 1133 3122; x_wconf 85' lang='lat' dir='ltr'>Sunt</span> <span class='ocrx_word' id='word_1_253' title='bbox 1147 3068 1235 3138; x_wconf 86' lang='lat' dir='ltr'>igitur</span> <span class='ocrx_word' id='word_1_254' title='bbox 1247 3070 1378 3140; x_wconf 79' lang='grc' dir='ltr'><strong><em>πτέρυγες</em></strong></span> <span class='ocrx_word' id='word_1_255' title='bbox 1388 3069 1446 3123; x_wconf 90' lang='lat' dir='ltr'>chi-</span> 
     </span>
     <span class='ocr_line' id='line_1_26' title="bbox 103 3143 1446 3228; baseline -0.001 -20"><span class='ocrx_word' id='word_1_256' title='bbox 103 3154 178 3208; x_wconf 88' lang='lat' dir='ltr'>tonis</span> <span class='ocrx_word' id='word_1_257' title='bbox 191 3157 266 3208; x_wconf 89' lang='lat' dir='ltr'>tota</span> <span class='ocrx_word' id='word_1_258' title='bbox 283 3153 378 3208; x_wconf 89' lang='lat' dir='ltr'>antica</span> <span class='ocrx_word' id='word_1_259' title='bbox 395 3156 538 3222; x_wconf 89' lang='lat' dir='ltr'>totaque</span> <span class='ocrx_word' id='word_1_260' title='bbox 557 3153 665 3222; x_wconf 87' lang='lat' dir='ltr'>postica</span> <span class='ocrx_word' id='word_1_261' title='bbox 677 3172 749 3224; x_wconf 90' lang='lat' dir='ltr'>pars.</span> <span class='ocrx_word' id='word_1_262' title='bbox 779 3155 944 3220; x_wconf 78' lang='lat' dir='ltr'>(Plutarchz</span> <span class='ocrx_word' id='word_1_263' title='bbox 964 3155 993 3206; x_wconf 83' lang='grc' dir='ltr'>οἱ</span> <span class='ocrx_word' id='word_1_264' title='bbox 1004 3156 1135 3226; x_wconf 78' lang='grc' dir='ltr'><strong><em>πτέρυγες</em></strong></span> <span class='ocrx_word' id='word_1_265' title='bbox 1147 3149 1195 3208; x_wconf 71' lang='grc' dir='ltr'>οὐκ</span> <span class='ocrx_word' id='word_1_266' title='bbox 1206 3143 1278 3224; x_wconf 72' lang='grc' dir='ltr'><strong><em>ἦσαν</em></strong></span> <span class='ocrx_word' id='word_1_267' title='bbox 1290 3156 1446 3228; x_wconf 79' lang='grc' dir='ltr'><strong><em>συνερραμ·</em></strong></span> 
     </span>
     <span class='ocr_line' id='line_1_27' title="bbox 103 3238 1446 3312; baseline 0.003 -20"><span class='ocrx_word' id='word_1_268' title='bbox 103 3242 188 3312; x_wconf 79' lang='grc' dir='ltr'><strong><em>μένοι</em></strong></span> <span class='ocrx_word' id='word_1_269' title='bbox 205 3239 380 3300; x_wconf 74' lang='grc' dir='ltr'>κάτωθεν,Ι</span> <span class='ocrx_word' id='word_1_270' title='bbox 406 3239 483 3308; x_wconf 88' lang='lat' dir='ltr'>apud</span> <span class='ocrx_word' id='word_1_271' title='bbox 501 3239 717 3308; x_wconf 85' lang='lat' dir='ltr'>Aristophanem</span> <span class='ocrx_word' id='word_1_272' title='bbox 739 3238 907 3308; x_wconf 81' lang='grc' dir='ltr'><strong><em>παρολέεται</em></strong></span> <span class='ocrx_word' id='word_1_273' title='bbox 924 3241 1024 3311; x_wconf 84' lang='grc' dir='ltr'><strong><em>πτέρυξ</em></strong></span> <span class='ocrx_word' id='word_1_274' title='bbox 1041 3239 1072 3294; x_wconf 92' lang='lat' dir='ltr'>in</span> <span class='ocrx_word' id='word_1_275' title='bbox 1091 3240 1240 3305; x_wconf 77' lang='lat' dir='ltr'>humero,</span> <span class='ocrx_word' id='word_1_276' title='bbox 1268 3241 1316 3295; x_wconf 85' lang='lat' dir='ltr'>cfr.</span> <span class='ocrx_word' id='word_1_277' title='bbox 1335 3258 1446 3296; x_wconf 84' lang='lat' dir='ltr'>versum</span> 
     </span>
     <span class='ocr_line' id='line_1_28' title="bbox 103 3324 1445 3395; baseline 0.003 -17"><span class='ocrx_word' id='word_1_278' title='bbox 103 3325 317 3394; x_wconf 86' lang='lat' dir='ltr'>insequentem).</span> <span class='ocrx_word' id='word_1_279' title='bbox 353 3325 412 3378; x_wconf 92' lang='lat' dir='ltr'>Iam</span> <span class='ocrx_word' id='word_1_280' title='bbox 430 3342 496 3378; x_wconf 87' lang='lat' dir='ltr'>vero</span> <span class='ocrx_word' id='word_1_281' title='bbox 519 3327 650 3395; x_wconf 79' lang='grc' dir='ltr'><strong><em>πτέρυγες</em></strong></span> <span class='ocrx_word' id='word_1_282' title='bbox 675 3325 742 3378; x_wconf 89' lang='lat' dir='ltr'>illae</span> <span class='ocrx_word' id='word_1_283' title='bbox 767 3324 798 3377; x_wconf 90' lang='lat' dir='ltr'>in</span> <span class='ocrx_word' id='word_1_284' title='bbox 820 3324 943 3378; x_wconf 89' lang='lat' dir='ltr'>vestibus</span> <span class='ocrx_word' id='word_1_285' title='bbox 966 3324 1067 3379; x_wconf 89' lang='lat' dir='ltr'>circum</span> <span class='ocrx_word' id='word_1_286' title='bbox 1092 3325 1193 3380; x_wconf 74' lang='lat' dir='ltr'>clauus</span> <span class='ocrx_word' id='word_1_287' title='bbox 1211 3343 1268 3380; x_wconf 91' lang='lat' dir='ltr'>non</span> <span class='ocrx_word' id='word_1_288' title='bbox 1286 3330 1445 3393; x_wconf 88' lang='lat' dir='ltr'>cernuntur,</span> 
     </span>
     <span class='ocr_line' id='line_1_29' title="bbox 104 3409 1446 3482; baseline 0.001 -16"><span class='ocrx_word' id='word_1_289' title='bbox 104 3412 201 3480; x_wconf 90' lang='lat' dir='ltr'>itaque</span> <span class='ocrx_word' id='word_1_290' title='bbox 219 3411 274 3464; x_wconf 84' lang='lat' dir='ltr'>nisi</span> <span class='ocrx_word' id='word_1_291' title='bbox 293 3411 323 3464; x_wconf 92' lang='lat' dir='ltr'>in</span> <span class='ocrx_word' id='word_1_292' title='bbox 340 3410 476 3464; x_wconf 87' lang='lat' dir='ltr'>technicis</span> <span class='ocrx_word' id='word_1_293' title='bbox 495 3410 729 3479; x_wconf 81' lang='lat' dir='ltr'>descriptionibus</span> <span class='ocrx_word' id='word_1_294' title='bbox 747 3409 782 3464; x_wconf 91' lang='lat' dir='ltr'>de</span> <span class='ocrx_word' id='word_1_295' title='bbox 799 3410 852 3464; x_wconf 89' lang='lat' dir='ltr'>alis</span> <span class='ocrx_word' id='word_1_296' title='bbox 871 3410 1069 3478; x_wconf 88' lang='lat' dir='ltr'>diploidiorum</span> <span class='ocrx_word' id='word_1_297' title='bbox 1081 3411 1159 3480; x_wconf 88' lang='lat' dir='ltr'>loqui</span> <span class='ocrx_word' id='word_1_298' title='bbox 1177 3429 1234 3466; x_wconf 92' lang='lat' dir='ltr'>non</span> <span class='ocrx_word' id='word_1_299' title='bbox 1246 3415 1333 3482; x_wconf 89' lang='lat' dir='ltr'>potes.</span> <span class='ocrx_word' id='word_1_300' title='bbox 1361 3413 1446 3468; x_wconf 87' lang='lat' dir='ltr'>Potes</span> 
     </span>
     <span class='ocr_line' id='line_1_30' title="bbox 105 3495 1445 3566; baseline 0.001 -15"><span class='ocrx_word' id='word_1_301' title='bbox 105 3514 182 3562; x_wconf 81' lang='lat' dir='ltr'>vero,</span> <span class='ocrx_word' id='word_1_302' title='bbox 208 3496 230 3550; x_wconf 92' lang='lat' dir='ltr'>si</span> <span class='ocrx_word' id='word_1_303' title='bbox 248 3513 306 3550; x_wconf 93' lang='lat' dir='ltr'>non</span> <span class='ocrx_word' id='word_1_304' title='bbox 324 3498 457 3551; x_wconf 85' lang='lat' dir='ltr'>consutae</span> <span class='ocrx_word' id='word_1_305' title='bbox 475 3499 542 3549; x_wconf 91' lang='lat' dir='ltr'>sunt</span> <span class='ocrx_word' id='word_1_306' title='bbox 559 3497 702 3566; x_wconf 80' lang='grc' dir='ltr'><strong><em>πτέρυγες,</em></strong></span> <span class='ocrx_word' id='word_1_307' title='bbox 726 3499 788 3550; x_wconf 92' lang='lat' dir='ltr'>tum</span> <span class='ocrx_word' id='word_1_308' title='bbox 813 3495 888 3550; x_wconf 90' lang='lat' dir='ltr'>euim</span> <span class='ocrx_word' id='word_1_309' title='bbox 910 3495 997 3550; x_wconf 89' lang='lat' dir='ltr'>libere</span> <span class='ocrx_word' id='word_1_310' title='bbox 1015 3496 1166 3551; x_wconf 87' lang='lat' dir='ltr'>volitantes</span> <span class='ocrx_word' id='word_1_311' title='bbox 1188 3497 1285 3552; x_wconf 89' lang='lat' dir='ltr'>statim</span> <span class='ocrx_word' id='word_1_312' title='bbox 1302 3498 1333 3551; x_wconf 91' lang='lat' dir='ltr'>in</span> <span class='ocrx_word' id='word_1_313' title='bbox 1351 3498 1445 3552; x_wconf 90' lang='lat' dir='ltr'>oculos</span> 
     </span>
     <span class='ocr_line' id='line_1_31' title="bbox 104 3581 1446 3653; baseline -0.001 -16"><span class='ocrx_word' id='word_1_314' title='bbox 104 3582 241 3638; x_wconf 90' lang='lat' dir='ltr'>incidunt.</span> <span class='ocrx_word' id='word_1_315' title='bbox 270 3581 316 3635; x_wconf 83' lang='lat' dir='ltr'>Sic</span> <span class='ocrx_word' id='word_1_316' title='bbox 325 3581 545 3651; x_wconf 87' lang='lat' dir='ltr'>praeclarissime</span> <span class='ocrx_word' id='word_1_317' title='bbox 557 3581 681 3648; x_wconf 84' lang='lat' dir='ltr'>chlamys</span> <span class='ocrx_word' id='word_1_318' title='bbox 693 3581 779 3651; x_wconf 75' lang='grc' dir='ltr'><strong><em>πτερά</em></strong></span> <span class='ocrx_word' id='word_1_319' title='bbox 792 3581 940 3635; x_wconf 69' lang='lat' dir='ltr'>terrulam?</span> <span class='ocrx_word' id='word_1_320' title='bbox 952 3585 1074 3648; x_wconf 89' lang='lat' dir='ltr'>vocatur,</span> <span class='ocrx_word' id='word_1_321' title='bbox 1093 3583 1168 3650; x_wconf 91' lang='lat' dir='ltr'>quod</span> <span class='ocrx_word' id='word_1_322' title='bbox 1181 3585 1253 3637; x_wconf 85' lang='lat' dir='ltr'>solet</span> <span class='ocrx_word' id='word_1_323' title='bbox 1265 3600 1350 3653; x_wconf 83' lang='lat' dir='ltr'>prave</span> <span class='ocrx_word' id='word_1_324' title='bbox 1362 3583 1446 3638; x_wconf 92' lang='lat' dir='ltr'>intel-</span> 
     </span>
     <span class='ocr_line' id='line_1_32' title="bbox 103 3667 1446 3739; baseline 0.001 -16"><span class='ocrx_word' id='word_1_325' title='bbox 103 3669 157 3739; x_wconf 86' lang='lat' dir='ltr'>ligi</span> <span class='ocrx_word' id='word_1_326' title='bbox 175 3669 233 3732; x_wconf 87' lang='lat' dir='ltr'>(cfr.</span> <span class='ocrx_word' id='word_1_327' title='bbox 246 3668 347 3720; x_wconf 77' lang='lat' dir='ltr'>Annei.</span> <span class='ocrx_word' id='word_1_328' title='bbox 362 3667 429 3720; x_wconf 91' lang='grc'><strong>1877</strong></span> <span class='ocrx_word' id='word_1_329' title='bbox 448 3685 476 3736; x_wconf 86' lang='lat' dir='ltr'>p.</span> <span class='ocrx_word' id='word_1_330' title='bbox 489 3667 561 3734; x_wconf 86' lang='grc'><strong>312).</strong></span> <span class='ocrx_word' id='word_1_331' title='bbox 590 3667 673 3722; x_wconf 91' lang='lat' dir='ltr'>Nunc</span> <span class='ocrx_word' id='word_1_332' title='bbox 690 3667 720 3721; x_wconf 92' lang='lat' dir='ltr'>in</span> <span class='ocrx_word' id='word_1_333' title='bbox 738 3667 831 3722; x_wconf 89' lang='lat' dir='ltr'>titulis</span> <span class='ocrx_word' id='word_1_334' title='bbox 846 3668 985 3722; x_wconf 83' lang='lat' dir='ltr'>vestiariis</span> <span class='ocrx_word' id='word_1_335' title='bbox 1003 3701 1035 3708; x_wconf 87' lang='lat'>—</span> <span class='ocrx_word' id='word_1_336' title='bbox 1053 3669 1088 3722; x_wconf 90' lang='lat' dir='ltr'>de</span> <span class='ocrx_word' id='word_1_337' title='bbox 1106 3669 1208 3736; x_wconf 90' lang='lat' dir='ltr'>quibus</span> <span class='ocrx_word' id='word_1_338' title='bbox 1227 3669 1342 3723; x_wconf 88' lang='lat' dir='ltr'>tertium</span> <span class='ocrx_word' id='word_1_339' title='bbox 1360 3673 1446 3739; x_wconf 87' lang='lat' dir='ltr'>eaput</span> 
     </span>
     <span class='ocr_line' id='line_1_33' title="bbox 105 3751 1445 3827; baseline -0.001 -19"><span class='ocrx_word' id='word_1_340' title='bbox 105 3753 230 3808; x_wconf 84' lang='lat' dir='ltr'>conferas</span> <span class='ocrx_word' id='word_1_341' title='bbox 253 3783 287 3792; x_wconf 91' lang='lat'>-</span> <span class='ocrx_word' id='word_1_342' title='bbox 310 3751 338 3804; x_wconf 83' lang='lat' dir='ltr'>C.</span> <span class='ocrx_word' id='word_1_343' title='bbox 357 3752 379 3804; x_wconf 89' lang='lat' dir='ltr'>I.</span> <span class='ocrx_word' id='word_1_344' title='bbox 398 3753 432 3804; x_wconf 87' lang='lat' dir='ltr'>A.</span> <span class='ocrx_word' id='word_1_345' title='bbox 456 3752 491 3805; x_wconf 88' lang='lat' dir='ltr'>II.</span> <span class='ocrx_word' id='word_1_346' title='bbox 516 3752 565 3804; x_wconf 82' lang='grc'>751</span> <span class='ocrx_word' id='word_1_347' title='bbox 580 3769 620 3819; x_wconf 90' lang='lat' dir='ltr'>sq.</span> <span class='ocrx_word' id='word_1_348' title='bbox 643 3752 686 3807; x_wconf 88' lang='lat' dir='ltr'>bis</span> <span class='ocrx_word' id='word_1_349' title='bbox 709 3757 879 3808; x_wconf 88' lang='lat' dir='ltr'>memoratur</span> <span class='ocrx_word' id='word_1_350' title='bbox 909 3753 1083 3827; x_wconf 78' lang='grc' dir='ltr'><strong><em>διπτέρνγον,</em></strong></span> <span class='ocrx_word' id='word_1_351' title='bbox 1111 3754 1196 3807; x_wconf 88' lang='lat' dir='ltr'>semel</span> <span class='ocrx_word' id='word_1_352' title='bbox 1215 3755 1278 3820; x_wconf 78' lang='grc'><strong>(754</strong></span> <span class='ocrx_word' id='word_1_353' title='bbox 1293 3773 1320 3810; x_wconf 87' lang='lat' dir='ltr'>v.</span> <span class='ocrx_word' id='word_1_354' title='bbox 1334 3755 1379 3822; x_wconf 87' lang='lat'>38)</span> <span class='ocrx_word' id='word_1_355' title='bbox 1404 3756 1445 3807; x_wconf 79' lang='lat' dir='ltr'>dc-</span> 
     </span>
    </p>
   </div>
   <div class='ocr_carea' id='block_1_5' title="bbox 104 3836 1485 3919">
    <p class='ocr_par' dir='ltr' id='par_1_5' title="bbox 104 3836 1485 3919">
     <span class='ocr_line' id='line_1_34' title="bbox 104 3836 1485 3919; baseline 0.004 -27"><span class='ocrx_word' id='word_1_356' title='bbox 104 3841 241 3912; x_wconf 84' lang='grc' dir='ltr'><strong><em>πτέρυγον</em></strong></span> <span class='ocrx_word' id='word_1_357' title='bbox 259 3837 446 3903; x_wconf 84' lang='grc' dir='ltr'><strong><em>κατάστικτον,</em></strong></span> <span class='ocrx_word' id='word_1_358' title='bbox 465 3838 550 3892; x_wconf 89' lang='lat' dir='ltr'>semel</span> <span class='ocrx_word' id='word_1_359' title='bbox 568 3839 631 3906; x_wconf 81' lang='grc'><strong>(758</strong></span> <span class='ocrx_word' id='word_1_360' title='bbox 641 3841 672 3894; x_wconf 94' lang='lat' dir='ltr'>B.</span> <span class='ocrx_word' id='word_1_361' title='bbox 683 3841 716 3894; x_wconf 93' lang='lat' dir='ltr'>ll.</span> <span class='ocrx_word' id='word_1_362' title='bbox 728 3859 754 3895; x_wconf 91' lang='lat' dir='ltr'>v.</span> <span class='ocrx_word' id='word_1_363' title='bbox 766 3841 811 3909; x_wconf 83' lang='lat'>39)</span> <span class='ocrx_word' id='word_1_364' title='bbox 831 3841 994 3913; x_wconf 76' lang='lat' dir='ltr'>dcnre&#39;poyor</span> <span class='ocrx_word' id='word_1_365' title='bbox 1013 3836 1173 3912; x_wconf 77' lang='grc' dir='ltr'><strong><em>ιῖμόργινον.</em></strong></span> <span class='ocrx_word' id='word_1_366' title='bbox 1201 3841 1275 3894; x_wconf 88' lang='lat' dir='ltr'>Num</span> <span class='ocrx_word' id='word_1_367' title='bbox 1294 3841 1340 3896; x_wconf 89' lang='lat' dir='ltr'>hic</span> <span class='ocrx_word' id='word_1_368' title='bbox 1357 3841 1446 3912; x_wconf 84' lang='lat' dir='ltr'>igitur</span> <span class='ocrx_word' id='word_1_369' title='bbox 1482 3913 1485 3919; x_wconf 28' lang='grc' dir='ltr'>Ι</span> 
     </span>
    </p>
   </div>
   <div class='ocr_carea' id='block_1_6' title="bbox 104 3923 1445 4513">
    <p class='ocr_par' dir='ltr' id='par_1_6' title="bbox 104 3923 1445 4513">
     <span class='ocr_line' id='line_1_35' title="bbox 105 3923 1444 3999; baseline 0.002 -20"><span class='ocrx_word' id='word_1_370' title='bbox 105 3925 243 3995; x_wconf 82' lang='lat' dir='ltr'>diploides</span> <span class='ocrx_word' id='word_1_371' title='bbox 272 3923 466 3993; x_wconf 88' lang='lat' dir='ltr'>significantur</span> <span class='ocrx_word' id='word_1_372' title='bbox 492 3923 520 3976; x_wconf 90' lang='lat' dir='ltr'>in</span> <span class='ocrx_word' id='word_1_373' title='bbox 552 3926 672 3994; x_wconf 89' lang='lat' dir='ltr'>utroque</span> <span class='ocrx_word' id='word_1_374' title='bbox 694 3927 809 3981; x_wconf 89' lang='lat' dir='ltr'>humero</span> <span class='ocrx_word' id='word_1_375' title='bbox 839 3927 974 3991; x_wconf 85' lang='lat' dir='ltr'>confixae,</span> <span class='ocrx_word' id='word_1_376' title='bbox 1002 3943 1120 3994; x_wconf 90' lang='lat' dir='ltr'>quarum</span> <span class='ocrx_word' id='word_1_377' title='bbox 1145 3927 1276 3999; x_wconf 86' lang='grc' dir='ltr'><strong><em>πτέρυγες</em></strong></span> <span class='ocrx_word' id='word_1_378' title='bbox 1302 3943 1391 3996; x_wconf 89' lang='lat' dir='ltr'>aeque</span> <span class='ocrx_word' id='word_1_379' title='bbox 1412 3945 1444 3982; x_wconf 89' lang='lat' dir='ltr'>ac</span> 
     </span>
     <span class='ocr_line' id='line_1_36' title="bbox 105 4010 1445 4082; baseline 0 -16"><span class='ocrx_word' id='word_1_380' title='bbox 105 4012 284 4081; x_wconf 86' lang='lat' dir='ltr'>chlamydum</span> <span class='ocrx_word' id='word_1_381' title='bbox 302 4011 373 4065; x_wconf 89' lang='lat' dir='ltr'>bene</span> <span class='ocrx_word' id='word_1_382' title='bbox 396 4010 561 4080; x_wconf 89' lang='lat' dir='ltr'>conspicuae</span> <span class='ocrx_word' id='word_1_383' title='bbox 586 4014 672 4066; x_wconf 79' lang='lat' dir='ltr'>sunt?</span> <span class='ocrx_word' id='word_1_384' title='bbox 707 4015 752 4068; x_wconf 89' lang='lat' dir='ltr'>An</span> <span class='ocrx_word' id='word_1_385' title='bbox 769 4014 887 4068; x_wconf 86' lang='lat' dir='ltr'>fortasse</span> <span class='ocrx_word' id='word_1_386' title='bbox 903 4015 1017 4082; x_wconf 79' lang='grc' dir='ltr'><strong><em>χιτῶνες</em></strong></span> <span class='ocrx_word' id='word_1_387' title='bbox 1034 4010 1141 4081; x_wconf 85' lang='grc' dir='ltr'><strong><em>σχιστοὶ</em></strong></span> <span class='ocrx_word' id='word_1_388' title='bbox 1160 4013 1305 4078; x_wconf 69' lang='lat' dir='ltr'>dicuntia,</span> <span class='ocrx_word' id='word_1_389' title='bbox 1328 4031 1445 4082; x_wconf 88' lang='lat' dir='ltr'>quorum</span> 
     </span>
     <span class='ocr_line' id='line_1_37' title="bbox 104 4096 1444 4173; baseline 0.001 -21"><span class='ocrx_word' id='word_1_390' title='bbox 104 4100 237 4173; x_wconf 83' lang='grc' dir='ltr'><strong><em>πτέρυγες</em></strong></span> <span class='ocrx_word' id='word_1_391' title='bbox 260 4097 334 4151; x_wconf 81' lang='lat' dir='ltr'>infra</span> <span class='ocrx_word' id='word_1_392' title='bbox 357 4114 414 4150; x_wconf 93' lang='lat' dir='ltr'>non</span> <span class='ocrx_word' id='word_1_393' title='bbox 442 4096 535 4150; x_wconf 89' lang='lat' dir='ltr'>minus</span> <span class='ocrx_word' id='word_1_394' title='bbox 562 4096 593 4150; x_wconf 92' lang='lat' dir='ltr'>in</span> <span class='ocrx_word' id='word_1_395' title='bbox 622 4100 715 4154; x_wconf 90' lang='lat' dir='ltr'>oculos</span> <span class='ocrx_word' id='word_1_396' title='bbox 739 4099 863 4154; x_wconf 82' lang='lat' dir='ltr'>cadunt?</span> <span class='ocrx_word' id='word_1_397' title='bbox 902 4099 1040 4167; x_wconf 86' lang='lat' dir='ltr'>Equidem</span> <span class='ocrx_word' id='word_1_398' title='bbox 1066 4116 1122 4153; x_wconf 89' lang='lat' dir='ltr'>rem</span> <span class='ocrx_word' id='word_1_399' title='bbox 1148 4116 1204 4153; x_wconf 90' lang='lat' dir='ltr'>non</span> <span class='ocrx_word' id='word_1_400' title='bbox 1226 4099 1444 4156; x_wconf 85' lang='lat' dir='ltr'>diiudicaverim.</span> 
     </span>
     <span class='ocr_line' id='line_1_38' title="bbox 106 4181 1445 4253; baseline -0.001 -15"><span class='ocrx_word' id='word_1_401' title='bbox 106 4184 281 4253; x_wconf 80' lang='lat' dir='ltr'>Quamquam</span> <span class='ocrx_word' id='word_1_402' title='bbox 301 4181 411 4236; x_wconf 83' lang='lat' dir='ltr'>etiamsi</span> <span class='ocrx_word' id='word_1_403' title='bbox 431 4181 557 4251; x_wconf 82' lang='lat' dir='ltr'>diploide</span> <span class='ocrx_word' id='word_1_404' title='bbox 575 4183 716 4252; x_wconf 88' lang='lat' dir='ltr'>significat</span> <span class='ocrx_word' id='word_1_405' title='bbox 733 4185 783 4239; x_wconf 91' lang='lat' dir='ltr'>illa</span> <span class='ocrx_word' id='word_1_406' title='bbox 795 4203 857 4250; x_wconf 86' lang='lat' dir='ltr'>vox,</span> <span class='ocrx_word' id='word_1_407' title='bbox 875 4187 970 4238; x_wconf 89' lang='lat' dir='ltr'>tamen</span> <span class='ocrx_word' id='word_1_408' title='bbox 988 4184 1102 4238; x_wconf 90' lang='lat' dir='ltr'>minime</span> <span class='ocrx_word' id='word_1_409' title='bbox 1120 4185 1173 4238; x_wconf 86' lang='lat' dir='ltr'>hac</span> <span class='ocrx_word' id='word_1_410' title='bbox 1190 4201 1220 4238; x_wconf 93' lang='lat' dir='ltr'>re</span> <span class='ocrx_word' id='word_1_411' title='bbox 1237 4185 1395 4240; x_wconf 83' lang='lat' dir='ltr'>refutantur</span> <span class='ocrx_word' id='word_1_412' title='bbox 1413 4201 1445 4238; x_wconf 89' lang='lat' dir='ltr'>ea</span> 
     </span>
     <span class='ocr_line' id='line_1_39' title="bbox 106 4266 1443 4339; baseline -0.001 -15"><span class='ocrx_word' id='word_1_413' title='bbox 106 4287 178 4338; x_wconf 86' lang='lat' dir='ltr'>quae</span> <span class='ocrx_word' id='word_1_414' title='bbox 188 4286 272 4339; x_wconf 89' lang='lat' dir='ltr'>supra</span> <span class='ocrx_word' id='word_1_415' title='bbox 283 4268 318 4322; x_wconf 91' lang='lat' dir='ltr'>de</span> <span class='ocrx_word' id='word_1_416' title='bbox 329 4266 499 4337; x_wconf 81' lang='lat' dir='ltr'>diploidibus</span> <span class='ocrx_word' id='word_1_417' title='bbox 509 4267 635 4333; x_wconf 87' lang='lat' dir='ltr'>disserui,</span> <span class='ocrx_word' id='word_1_418' title='bbox 646 4286 704 4323; x_wconf 90' lang='lat' dir='ltr'>non</span> <span class='ocrx_word' id='word_1_419' title='bbox 713 4269 878 4324; x_wconf 86' lang='lat' dir='ltr'>indumenta</span> <span class='ocrx_word' id='word_1_420' title='bbox 888 4270 935 4323; x_wconf 89' lang='lat' dir='ltr'>sed</span> <span class='ocrx_word' id='word_1_421' title='bbox 945 4270 1130 4339; x_wconf 85' lang='lat' dir='ltr'>periblemata</span> <span class='ocrx_word' id='word_1_422' title='bbox 1142 4287 1188 4324; x_wconf 87' lang='lat' dir='ltr'>eas</span> <span class='ocrx_word' id='word_1_423' title='bbox 1198 4286 1256 4324; x_wconf 89' lang='lat' dir='ltr'>esse</span> <span class='ocrx_word' id='word_1_424' title='bbox 1266 4270 1443 4326; x_wconf 84' lang='lat' dir='ltr'>contendeus.</span> 
     </span>
     <span class='ocr_line' id='line_1_40' title="bbox 107 4355 1443 4427; baseline 0 -17"><span class='ocrx_word' id='word_1_425' title='bbox 107 4356 216 4426; x_wconf 81' lang='lat' dir='ltr'>Quippe</span> <span class='ocrx_word' id='word_1_426' title='bbox 235 4359 366 4410; x_wconf 84' lang='lat' dir='ltr'>externae</span> <span class='ocrx_word' id='word_1_427' title='bbox 387 4357 498 4410; x_wconf 88' lang='lat' dir='ltr'>tantum</span> <span class='ocrx_word' id='word_1_428' title='bbox 515 4355 618 4424; x_wconf 90' lang='lat' dir='ltr'>speciei</span> <span class='ocrx_word' id='word_1_429' title='bbox 640 4357 750 4411; x_wconf 88' lang='lat' dir='ltr'>ratione</span> <span class='ocrx_word' id='word_1_430' title='bbox 774 4358 874 4412; x_wconf 87' lang='lat' dir='ltr'>habita</span> <span class='ocrx_word' id='word_1_431' title='bbox 897 4375 948 4427; x_wconf 89' lang='lat' dir='ltr'>pro</span> <span class='ocrx_word' id='word_1_432' title='bbox 966 4358 1086 4412; x_wconf 85' lang='lat' dir='ltr'>chitone·</span> <span class='ocrx_word' id='word_1_433' title='bbox 1102 4358 1132 4410; x_wconf 90' lang='lat' dir='ltr'>in</span> <span class='ocrx_word' id='word_1_434' title='bbox 1150 4358 1238 4412; x_wconf 86' lang='lat' dir='ltr'>latere</span> <span class='ocrx_word' id='word_1_435' title='bbox 1255 4375 1312 4412; x_wconf 90' lang='lat' dir='ltr'>non</span> <span class='ocrx_word' id='word_1_436' title='bbox 1330 4359 1443 4412; x_wconf 86' lang='lat' dir='ltr'>consuto</span> 
     </span>
     <span class='ocr_line' id='line_1_41' title="bbox 106 4435 1098 4513; baseline 0.001 -16"><span class='ocrx_word' id='word_1_437' title='bbox 106 4443 233 4513; x_wconf 81' lang='lat' dir='ltr'>diplolda</span> <span class='ocrx_word' id='word_1_438' title='bbox 250 4443 401 4508; x_wconf 84' lang='lat' dir='ltr'>habebant,</span> <span class='ocrx_word' id='word_1_439' title='bbox 419 4442 538 4510; x_wconf 89' lang='lat' dir='ltr'>ideoque</span> <span class='ocrx_word' id='word_1_440' title='bbox 556 4442 676 4497; x_wconf 88' lang='lat' dir='ltr'>chitonis</span> <span class='ocrx_word' id='word_1_441' title='bbox 693 4435 806 4498; x_wconf 85' lang='lat' dir='ltr'>nomine</span> <span class='ocrx_word' id='word_1_442' title='bbox 825 4461 886 4498; x_wconf 89' lang='lat' dir='ltr'>eam</span> <span class='ocrx_word' id='word_1_443' title='bbox 903 4443 1098 4513; x_wconf 85' lang='lat' dir='ltr'>designabant.</span> 
     </span>
    </p>
   </div>
   <div class='ocr_carea' id='block_1_7' title="bbox 195 4559 1443 4636">
    <p class='ocr_par' dir='ltr' id='par_1_7' title="bbox 195 4559 1443 4636">
     <span class='ocr_line' id='line_1_42' title="bbox 195 4559 1443 4636; baseline 0.001 -20"><span class='ocrx_word' id='word_1_444' title='bbox 195 4567 206 4597; x_wconf 87' lang='lat'>²</span> <span class='ocrx_word' id='word_1_445' title='bbox 224 4562 290 4616; x_wconf 86' lang='lat' dir='ltr'>Cod.</span> <span class='ocrx_word' id='word_1_446' title='bbox 309 4559 401 4629; x_wconf 76' lang='grc' dir='ltr'><strong><em>λόγιον</em></strong></span> <span class='ocrx_word' id='word_1_447' title='bbox 418 4561 511 4636; x_wconf 71' lang='lat' dir='ltr'>habet.</span> <span class='ocrx_word' id='word_1_448' title='bbox 540 4563 667 4617; x_wconf 81' lang='lat' dir='ltr'>Formam</span> <span class='ocrx_word' id='word_1_449' title='bbox 686 4563 826 4616; x_wconf 75' lang='lat' dir='ltr'>dentddton</span> <span class='ocrx_word' id='word_1_450' title='bbox 844 4563 954 4618; x_wconf 90' lang='lat' dir='ltr'>restitui</span> <span class='ocrx_word' id='word_1_451' title='bbox 967 4581 1000 4617; x_wconf 84' lang='lat' dir='ltr'>ex</span> <span class='ocrx_word' id='word_1_452' title='bbox 1012 4563 1246 4617; x_wconf 87' lang='lat' dir='ltr'>hermeneumatis</span> <span class='ocrx_word' id='word_1_453' title='bbox 1265 4562 1324 4617; x_wconf 88' lang='lat' dir='ltr'>cod.</span> <span class='ocrx_word' id='word_1_454' title='bbox 1337 4563 1443 4618; x_wconf 87' lang='lat' dir='ltr'>Monte·</span> 
     </span>
    </p>
   </div>
   <div class='ocr_carea' id='block_1_8' title="bbox 107 4647 1442 4802">
    <p class='ocr_par' dir='ltr' id='par_1_8' title="bbox 107 4647 1442 4802">
     <span class='ocr_line' id='line_1_43' title="bbox 107 4647 1442 4718; baseline -0.004 -14"><span class='ocrx_word' id='word_1_455' title='bbox 107 4650 209 4718; x_wconf 87' lang='lat' dir='ltr'>pessul.</span> <span class='ocrx_word' id='word_1_456' title='bbox 222 4648 306 4702; x_wconf 89' lang='lat' dir='ltr'>editis</span> <span class='ocrx_word' id='word_1_457' title='bbox 326 4665 343 4701; x_wconf 89' lang='lat' dir='ltr'>a</span> <span class='ocrx_word' id='word_1_458' title='bbox 362 4647 513 4702; x_wconf 88' lang='lat' dir='ltr'>Boucherio</span> <span class='ocrx_word' id='word_1_459' title='bbox 532 4648 638 4702; x_wconf 78' lang='lat' dir='ltr'>Notc&#39;cec</span> <span class='ocrx_word' id='word_1_460' title='bbox 647 4653 671 4702; x_wconf 85' lang='lat' dir='ltr'>et</span> <span class='ocrx_word' id='word_1_461' title='bbox 682 4649 792 4702; x_wconf 72' lang='lat' dir='ltr'>achatts</span> <span class='ocrx_word' id='word_1_462' title='bbox 803 4649 904 4703; x_wconf 83' lang='lat' dir='ltr'>XXIII.</span> <span class='ocrx_word' id='word_1_463' title='bbox 917 4649 993 4703; x_wconf 89' lang='grc'><strong>1872.</strong></span> <span class='ocrx_word' id='word_1_464' title='bbox 1012 4667 1038 4718; x_wconf 91' lang='lat' dir='ltr'>p.</span> <span class='ocrx_word' id='word_1_465' title='bbox 1050 4649 1102 4702; x_wconf 82' lang='lat'>432</span> <span class='ocrx_word' id='word_1_466' title='bbox 1119 4648 1168 4702; x_wconf 92' lang='lat' dir='ltr'>ubi</span> <span class='ocrx_word' id='word_1_467' title='bbox 1186 4649 1292 4717; x_wconf 83' lang='lat' dir='ltr'>legitur</span> <span class='ocrx_word' id='word_1_468' title='bbox 1304 4648 1442 4704; x_wconf 76' lang='grc' dir='ltr'><strong><em>ἁπλόέιον·</em></strong></span> 
     </span>
     <span class='ocr_line' id='line_1_44' title="bbox 107 4733 1356 4802; baseline -0.001 -15"><span class='ocrx_word' id='word_1_469' title='bbox 107 4735 263 4789; x_wconf 79' lang='lat' dir='ltr'>Literarum</span> <span class='ocrx_word' id='word_1_470' title='bbox 282 4733 494 4787; x_wconf 90' lang='lat' dir='ltr'>similitudinem</span> <span class='ocrx_word' id='word_1_471' title='bbox 512 4733 653 4801; x_wconf 87' lang='lat' dir='ltr'>quandam</span> <span class='ocrx_word' id='word_1_472' title='bbox 671 4733 767 4788; x_wconf 84' lang='lat' dir='ltr'>adesse</span> <span class='ocrx_word' id='word_1_473' title='bbox 785 4750 842 4787; x_wconf 92' lang='lat' dir='ltr'>non</span> <span class='ocrx_word' id='word_1_474' title='bbox 861 4733 990 4802; x_wconf 82' lang='lat' dir='ltr'>negabis:</span> <span class='ocrx_word' id='word_1_475' title='bbox 1010 4739 1134 4786; x_wconf 81' lang='grc' dir='ltr'><strong><em>ΑοΓΙοΝ</em></strong></span> <span class='ocrx_word' id='word_1_476' title='bbox 1151 4734 1356 4802; x_wconf 78' lang='grc' dir='ltr'>ΔΙΠΙΛΟΔΙΟΝ.</span> 
     </span>
    </p>
   </div>
   <div class='ocr_carea' id='block_1_9' title="bbox 74 4976 112 4984">
    <p class='ocr_par' dir='ltr' id='par_1_9' title="bbox 74 4976 112 4984">
     <span class='ocr_line' id='line_1_45' title="bbox 74 4976 112 4984; baseline 0.026 -1"><span class='ocrx_word' id='word_1_477' title='bbox 74 4976 112 4984; x_wconf 52' lang='grc' dir='ltr'><strong>Α</strong></span> 
     </span>
    </p>
   </div>
   <div class='ocr_carea' id='block_1_10' title="bbox 1537 4759 1539 4826">
    <p class='ocr_par' dir='ltr' id='par_1_10' title="bbox 1537 4759 1539 4860">
     <span class='ocr_line' id='line_1_46' title="bbox 1537 4759 1539 4826; baseline 0 0"><span class='ocrx_word' id='word_1_478' title='bbox 1537 4759 1539 4826; x_wconf 85' lang='lat' dir='ltr'>l</span> 
     </span>
    </p>
   </div>
   <div class='ocr_carea' id='block_1_11' title="bbox 1537 4943 1539 5012">
    <p class='ocr_par' dir='ltr' id='par_1_11' title="bbox 1537 4943 1539 5012">
     <span class='ocr_line' id='line_1_47' title="bbox 1538 4943 1539 4968; baseline 0 0"><span class='ocrx_word' id='word_1_479' title='bbox 1538 4943 1539 4968; x_wconf 85' lang='lat' dir='ltr'>l</span> 
     </span>
     <span class='ocr_line' id='line_1_48' title="bbox 1537 4979 1539 5012; baseline 0 0"><span class='ocrx_word' id='word_1_480' title='bbox 1537 4979 1539 5012; x_wconf 88' lang='lat' dir='ltr'>l</span> 
     </span>
    </p>
   </div>
   <div class='ocr_carea' id='block_1_12' title="bbox 1536 5013 1539 5125">
    <p class='ocr_par' dir='ltr' id='par_1_12' title="bbox 1536 5013 1539 5125">
     <span class='ocr_line' id='line_1_49' title="bbox 1536 5013 1539 5125; baseline 0 0"><span class='ocrx_word' id='word_1_481' title='bbox 1536 5013 1539 5125; x_wconf 84' lang='lat' dir='ltr'>l</span> 
     </span>
    </p>
   </div>
   <div class='ocr_carea' id='block_1_13' title="bbox 0 0 1557 5152">
    <p class='ocr_par' dir='ltr' id='par_1_13' title="bbox 0 0 1557 5152">
     <span class='ocr_line' id='line_1_50' title="bbox 0 0 1557 5152; baseline 0 0"><span class='ocrx_word' id='word_1_482' title='bbox 0 0 1557 5152; x_wconf 95' lang='lat' dir='ltr'> </span> 
     </span>
    </p>
   </div>
  </div>
 </body>
</html>
