3086 5152
683 293 871 360 ...μ

111 489 227 570 terque
252 480 340 548 haud
364 480 481 548 leviter
504 505 579 549 eum
603 485 808 550 immutatum
832 509 904 552 esse
927 487 1060 552 vascula
1083 485 1231 554 doceant.
1275 489 1329 554 An
1350 495 1449 576 putas

109 635 228 698 operae
257 613 399 698 pretium
427 613 589 678 facturum
618 636 692 680 esse
723 637 812 696 eum,
851 617 905 700 qui
934 639 963 680 e.
987 638 1034 701 gr.
1059 616 1295 682 Germanorum
1324 617 1400 706 inde
1421 615 1448 682 'a

109 747 203 805 sexto
234 741 359 806 decimo
384 743 513 807 saeculo
544 744 682 807 vestitus
711 749 778 807 tam
801 745 907 809 varios
935 767 1001 809 uno
1028 752 1105 832 typo
1130 747 1447 832 comprehenderet?

109 870 249 944 Quidni?
271 891 436 957 nunquam
453 893 625 937 cessavere
643 873 788 956 braccas,
813 875 957 956 camisia,
979 881 1088 939 vestes
1106 877 1290 962 superiores
1307 884 1447 962 gestare,

109 1003 155 1066 sic
170 1008 207 1066 ut
231 1001 351 1066 Graeci
367 1022 532 1085 nunquam
549 1002 810 1086 aperiblematis
832 1008 866 1068 et
887 1003 1070 1089 endymatis
1091 1007 1268 1071 recessisse
1285 1006 1446 1072 videntur.

195 1131 304 1216 Atque
322 1131 481 1216 quomodo
504 1153 568 1195 non
592 1133 698 1196 solum
721 1133 845 1197 inutilis
869 1133 911 1196 sit
932 1135 989 1197 illa
1012 1135 1104 1216 ratio,
1127 1135 1185 1200 sed
1209 1137 1308 1200 etiam
1329 1157 1446 1200 nocere
1540 1129 1541 1204 l

109 1260 226 1346 possit,
255 1259 289 1322 in
312 1259 496 1324 nominibus
519 1262 659 1325 vestium
684 1262 920 1326 constituendis
950 1268 1102 1349 apparet,
1136 1285 1200 1348 qua
1228 1265 1262 1328 in
1291 1286 1447 1350 requam

12 1425 17 1431 ·
108 1410 224 1474 parum
247 1389 444 1474 profecerint
466 1390 527 1453 viri
557 1389 660 1470 docti,
689 1396 801 1454 notum
829 1397 889 1457 est.
936 1392 1066 1478 Quippe
1097 1393 1124 1456 si
1152 1395 1366 1457 monumentis
1394 1395 1447 1459 vel

109 1519 216 1583 obiter
239 1519 444 1604 perlustratis
467 1519 527 1582 tibi
550 1519 755 1604 persuaseris
779 1521 933 1584 vestitum
956 1520 1093 1584 diversis
1116 1521 1317 1606 temporibus
1339 1521 1445 1586 diver-

111 1669 182 1711 sum
204 1647 323 1728 fuisse,
357 1643 518 1710 concedas
548 1667 688 1711 necesse
713 1654 780 1729 est,
810 1649 940 1713 unicam
963 1648 1003 1714 ad
1026 1650 1156 1714 nomina
1179 1651 1446 1715 vestimentorum

109 1781 199 1840 certo
222 1775 419 1840 invenienda
442 1776 529 1840 viam
552 1797 623 1840 eam
648 1797 736 1858 esse,
765 1783 801 1840 ut
831 1778 921 1841 nulla
949 1779 1014 1842 alia
1042 1779 1231 1843 testimonia
1259 1781 1447 1865 coniungas,

108 1904 174 1968 nisi
197 1924 280 1988 quae
312 1901 458 1966 eiusdem
482 1903 599 1966 aetatis
628 1903 705 1983 sint,
735 1903 766 1966 h.
784 1923 812 1966 e.
835 1924 876 1967 ne
900 1904 972 1966 aliis
997 1909 1094 1988 atque
1118 1907 1310 1990 aequalibus
1332 1929 1445 1971 monu-

108 2032 228 2097 mentis
261 2031 428 2094 adhibitis¹
451 2031 617 2116 scriptoris
649 2031 816 2094 cuiusdam
847 2033 954 2096 locum
982 2033 1225 2119 interpreteris,
1263 2025 1358 2111 neve
1375 2037 1445 2100 vice

108 2182 203 2240 versa
226 2181 269 2224 ex
294 2163 367 2228 aliis
391 2168 488 2248 atque
504 2163 697 2248 aequalibus
716 2164 935 2261 scriptoribus·
950 2183 1072 2228 nornen
1087 2185 1227 2249 quaeras
1249 2166 1444 2258 vestiment,

108 2289 142 2355 in
169 2291 388 2356 monumentis
416 2275 612 2372 occurrenti,
641 2313 724 2356 neve
754 2291 894 2376 denique
924 2291 966 2355 ad
983 2292 1166 2376 scriptores
1182 2291 1445 2368 ¹lltticcsjinten

108 2419 288 2504 pretandos
311 2420 495 2504 promiscue
518 2421 621 2483 utaris
645 2421 692 2484 eis
716 2419 885 2495 Romanae
909 2421 962 2498 vel
983 2419 1187 2505 Byzantinus
1208 2422 1338 2488 aetatis.
1364 2421 1445 2495 Quo

107 2548 280 2634 principali
302 2569 425 2613 canone
450 2549 507 2612 vili
529 2548 641 2643 habito
666 2570 740 2612 cum
765 2549 845 2614 alias
868 2549 956 2612 haud
979 2550 1082 2626 semel
1105 2571 1124 2614 a
1146 2570 1224 2626 vero
1250 2551 1445 2624 aberravero

108 2676 169 2740 viri
192 2676 288 2758 docti,
310 2681 379 2740 tum
403 2678 437 2740 in
454 2677 569 2740 vitium
592 2677 736 2740 omnium
758 2675 1015 2752 funestissimum
1038 2676 1232 2742 inciderunt.
1266 2677 1351 2743 Nam
1374 2701 1446 2744 cum

111 2825 128 2867 e
146 2805 337 2890 scriptorum
353 2805 558 2890 antiquorum
578 2805 656 2869 locis
672 2805 863 2890 plerumque
887 2806 932 2868 nil
956 2806 1048 2880 certi¹
1060 2805 1147 2870 effici
1169 2825 1265 2892 posse
1282 2808 1448 2874 videretur

112 2971 150 2980 -
182 2935 237 3018 qui
270 2955 387 3000 revera
421 2935 552 3021 saepius
592 2935 810 2999 monumentis
846 2935 1001 2999 illustrari
1033 2935 1157 3000 debent
1186 2973 1241 3018 -,
1270 2939 1318 3002 illi
1347 2938 1448 3003 inter-

112 3063 296 3148 pretatione
319 3064 464 3128 locorum
486 3085 552 3128 non
575 3063 676 3128 semel
696 3064 800 3148 magis
825 3084 921 3149 quam
948 3086 1009 3150 par
1037 3069 1107 3128 erat
1129 3065 1281 3150 neglecta
1304 3067 1344 3130 ad
1365 3069 1449 3132 lexi-

112 3191 293 3277 cographos
311 3196 344 3254 et
364 3191 559 3255 scholiastae
577 3190 763 3274 confugere,
787 3190 842 3274 qui
857 3211 956 3254 unam
972 3211 1132 3276 quamque
1149 3213 1264 3258 vocem
1280 3196 1449 3260 commodo

113 3319 325 3404 explicarent.
372 3317 438 3382 Sed
459 3319 574 3382 horum
601 3323 794 3404 praecepta,
829 3319 857 3382 si
880 3319 958 3403 quid
980 3321 1056 3384 novi
1085 3323 1251 3388 continent
1281 3345 1341 3390 nec
1364 3326 1449 3390 forte

112 3447 251 3512 redeunt
274 3447 325 3526 ad
338 3447 462 3512 fontem
478 3447 662 3532 integrioris
685 3446 763 3512 fidei
784 3485 813 3494 -
846 3447 1107 3513 Alexandrinum
1129 3471 1303 3536 nempe-
1321 3469 1450 3538 semper

112 3579 219 3643 futilia
235 3581 319 3658 sunt,
336 3575 531 3662 ipsissimam
548 3575 635 3638 enim
652 3573 788 3638 istorum
806 3575 1064 3658 magistellorum
1079 3576 1259 3643 doctrinam
1273 3581 1449 3662 continent,

113 3707 264 3770 haustam
288 3723 361 3767 eam
384 3721 402 3764 e
426 3701 619 3785 scriptorum
648 3700 854 3784 antiquorum
880 3701 1151 3788 interpretatione
1178 3727 1244 3771 non
1272 3708 1368 3773 modo
1391 3730 1450 3795 pro

114 3833 246 3918 ingenio
280 3851 393 3896 eorum
424 3834 476 3893 sat
505 3827 636 3892 sordida
670 3829 728 3894 sed
757 3830 894 3894 confusa
921 3831 1017 3894 simul
1044 3831 1189 3898 adhibito
1212 3826 1349 3900 vestitu
1365 3838 1451 3902 illius

115 3962 233 4026 aetatis
255 3966 325 4024 toto
350 3960 442 4023 caelo
466 3958 656 4024 abhorrenti
685 3960 725 4024 ab
749 3981 788 4024 eo
813 3962 916 4046 quinti
940 3963 1087 4047 quantive
1111 3967 1245 4032 saeculi.
1288 3966 1452 4052 Exempla

115 4092 142 4153 si
156 4089 304 4174 requiris,
328 4087 487 4150 admoneo
510 4093 542 4151 te
567 4086 692 4171 erobyli
706 4087 813 4152 denuo
836 4093 873 4150 ut
893 4090 940 4152 ita
959 4089 1064 4154 dicam
1082 4113 1102 4156 a
1122 4089 1264 4156 Oonzeio
1286 4098 1320 4157 et
1343 4092 1451 4158 Theo-

116 4217 194 4282 doro
211 4217 386 4281 Sohreiber
401 4217 533 4302 reperti,
556 4217 668 4301 legere
684 4223 717 4282 te
737 4217 833 4281 iubeo
857 4239 897 4282 ea
920 4239 1003 4303 quae
1020 4218 1105 4283 infra
1126 4219 1168 4284 de
1191 4220 1301 4286 dorico
1324 4221 1452 4285 chitone

116 4345 261 4410 dicturus
286 4366 368 4411 sum.
412 4345 464 4410 De
488 4367 551 4430 quo
582 4368 655 4410 cum
678 4346 845 4430 Duridem,
868 4347 1088 4430 Eustathium,
1112 4347 1316 4416 Clementem
1339 4349 1452 4414 audire
1539 4417 1541 4432 ,

116 4455 251 4539 mallent
273 4495 369 4559 quam
391 4473 597 4539 Herodotum
620 4481 653 4539 et
672 4476 816 4558 vascula,
840 4481 874 4541 et
897 4479 997 4541 ceteri
1019 4478 1241 4542 titubaverunt
1262 4484 1296 4542 et
1317 4477 1451 4544 Bluem·

116 4623 215 4668 uerus
237 4601 413 4686 impeditus
430 4608 489 4684 est,
513 4603 684 4688 quominus
707 4605 808 4668 multa
830 4603 935 4668 adhuc
959 4605 1059 4669 dubia
1078 4607 1228 4688 solveret,
1252 4607 1307 4692 qui
1330 4607 1452 4694 primus
1540 4617 1541 4628 ³

117 4732 272 4796 historiae
295 4732 434 4797 vestitus
458 4733 599 4816 aliquam
621 4733 781 4798 rationem
804 4732 912 4797 habet.
