846 1363
377 109 485 125 —23-

96 161 132 172 cum
144 161 164 172 eo
175 155 262 172 mulierum
274 156 371 172 recentioris
383 156 427 172 vasis
439 166 459 169 —
471 156 524 172 rubris
536 156 593 177 figuris
604 156 679 172 instructi
692 164 712 167 —
724 156 766 172 haud

95 184 119 200 ita
130 184 167 200 leve
182 184 272 200 discrimen
286 184 341 200 statim
353 183 481 201 animadvertes.
503 184 568 205 Nempe
582 189 619 200 cuin
630 184 658 201 hic
669 184 686 200 in
698 185 766 205 utroque

97 212 149 228 latere
161 213 261 233 apoptygma
269 212 318 228 modo
330 212 367 233 plus
378 212 427 228 modo
434 212 488 228 minus
499 212 533 228 alte
545 211 643 233 dependeat,
655 212 688 228 illic
700 212 767 228 inferior

96 240 131 256 eius
143 245 199 261 margo
207 241 259 256 totum
271 245 331 261 corpus
343 241 388 256 recta
398 240 468 261 quadam
480 240 523 256 linea
531 240 633 256 circumdare
646 240 715 256 videtur.
732 240 766 256 Iam

95 273 132 284 cum
147 267 252 289 dependulae
268 268 307 284 illae
323 268 340 284 in
354 269 424 289 utroque
439 268 491 284 latere
506 268 576 284 laciniae
591 268 684 284 efficiantur
697 268 766 284 circuitu

95 296 165 312 chitonis
181 296 255 317 corporis
270 296 355 312 circuitum
370 296 422 312 multo
434 296 517 317 superanti
529 305 550 308 —
561 296 618 317 relego
632 297 649 312 te
663 296 684 312 ad
698 296 766 312 Weissii

94 324 224 345 expositionem,
239 324 368 340 Kostuemkundc
379 324 401 341 ΙΙ.
412 325 474 346 p.712,
490 324 564 345 sequitur
578 324 609 340 hoc
624 324 682 340 saltem
695 324 765 345 priscum

94 351 139 367 illum
150 351 229 367 Doricum
241 351 322 368 chitonem
334 357 367 368 non
378 352 419 368 tanti
432 351 509 368 circuitus
520 352 577 368 fuisse.
600 351 633 368 Sed
645 351 666 368 ad
677 351 765 368 discrimen

94 379 134 395 illud
149 379 265 401 explicandum
282 379 313 395 hoc
331 385 364 396 nou
381 380 450 398 sufficit;
469 385 507 396 narn
524 380 537 396 si
555 380 605 396 totius
620 380 672 396 vestis
690 380 765 396 circuitus

94 407 167 428 corporis
179 407 205 423 vel
216 408 279 423 tantum
294 407 391 427 excederet,
405 408 484 428 quantum
498 407 519 423 ad
530 407 612 424 bracchiis
623 408 693 424 liberum
704 408 765 424 exitum

94 434 206 456 praebendum
224 435 264 451 satis
281 436 315 455 est,
332 435 358 451 vel
373 436 408 451 tuni
424 435 514 456 paullulum
530 437 574 451 certe
590 435 607 451 in
622 436 702 452 lateribus
717 436 765 452 altius

94 462 188 484 dependere
198 462 267 479 deberet
274 464 380 484 apoptygtna:
392 463 421 479 cfr.
430 463 532 484 Tragoediae
540 463 623 479 chitonem
634 463 677 485 apud
685 463 765 480 Gerliard.

94 490 169 506 AJK-B.
181 492 193 506 t.
205 491 231 507 56.
252 490 311 512 Neque
327 491 397 507 artifices
412 491 443 507 hoc
455 491 527 507 indicare
539 491 640 512 omisissent⁷
652 492 679 513 qui
693 492 720 508 vel
732 492 765 508 chi-

94 520 149 534 tonem
157 518 174 534 in
182 520 229 540 tergo
236 518 336 535 defluentem
344 520 378 535 tarn
386 519 450 535 curiose
459 528 480 531 —
488 520 527 536 licet
534 519 579 536 haud
587 520 657 536 feliciter
662 529 682 532 —-
688 520 765 536 indicent.

93 546 117 562 Ut
124 546 222 563 coniecerim
233 547 296 568 priscos
306 547 344 563 illos
353 547 428 564 chitones
436 547 505 563 Doricos
517 548 550 564 alia
561 548 613 564 fuisse
624 549 706 564 structura
717 553 766 569 quam

94 574 200 591 recentiores.
211 574 236 591 Ac
244 574 312 591 formam
319 580 348 591 eos
354 575 432 591 habuisse
441 575 489 592 credo
496 575 565 597 cylindri
572 575 592 591 ad
600 576 672 597 corporis
680 576 766 592 circuitum

93 602 145 623 aptati
156 603 173 618 et
187 602 203 618 in
218 603 303 624 superiore
320 604 366 624 parte
381 603 464 624 utrimque
480 603 526 619 scissi
541 603 562 619 ad
577 603 653 620 bracchia
668 603 765 620 exserenda.

94 629 140 648 Quae
152 631 235 646 structura
246 632 264 647 ut
275 631 384 653 pulcherrime
393 631 470 648 convenit
478 631 570 648 chitonibus
582 633 620 648 ante
627 632 705 648 Doricum
717 637 765 648 usur-

94 658 144 679 patis,
156 654 254 680 qui'corpus
266 659 358 676 arctissime
370 661 453 681 tamquam
465 659 563 680 includunt‚¹
580 660 603 676 sic
615 660 675 681 optime
687 660 765 681 explicat,

93 686 174 707 quomodo
186 686 202 702 iu
213 687 300 703 fibularum
312 688 366 703 locum
378 689 435 703 sutura
446 687 535 704 succedere
547 688 624 709 potuerit.

300 715 347 733 Quae
358 715 414 731 omnia
425 717 470 732 recte
481 721 511 732 nos
524 716 629 732 ratiocinatos
640 721 677 732 esse
690 721 710 732 eo
721 721 765 732 com-

255 743 339 765 probatur,
351 743 394 764 quod
408 743 425 759 in
439 743 479 765 ipsis
490 744 534 759 vasis
548 744 599 765 nigris
611 744 667 765 figuris
681 744 765 760 instructis

254 772 283 787 aut
292 771 347 792 paullo
359 771 478 787 recentioribus
489 771 572 788 invenitur
580 771 640 792 chiton,
651 772 679 793 qui
687 773 704 788 et
711 772 765 788 Hero-

254 799 312 815 doteae
327 798 379 815 Ionici
397 799 468 815 chitonis
483 799 589 821 descriptioni
607 801 624 816 et
642 799 765 816 condicionibus

254 832 304 848 supra
318 827 384 843 statutis
398 827 473 844 omuibus
492 827 564 844 numeris
580 827 676 844 satisfaciat.
702 827 719 844 Is
733 829 764 848 est,

253 855 280 876 qui
295 855 343 876 vulgo
360 855 427 871 Ionicus
447 855 503 871 audire
520 855 570 875 solet,
591 856 608 871 et
626 855 672 871 cuius
689 855 706 871 in
720 856 764 872 vasis

252 882 303 903 nigris
315 882 371 904 figuris
386 883 470 899 instructis
482 883 551 899 formam
566 883 627 904 optime
639 883 710 899 illustrat
722 883 764 900 Ger>

253 910 299 926 hard.
311 910 331 926 A.
341 910 389 926 V-B.
402 912 413 927 t.
424 911 461 927 248.
472 911 481 927 3
494 910 521 932 (=
530 911 556 931 βα.
563 911 586 932 4).
601 911 697 927 Fibularum
708 911 764 927 nullus

252 938 269 954 iu
278 943 298 954 eo
306 943 350 958 usus,
364 938 395 954 nisi
405 938 431 954 liic
442 939 475 955 illic
487 939 504 955 in
512 939 580 955 manicis
588 938 676 958 (Gsrhard.
684 939 705 955 A.
715 939 763 955 V.-B.

252 967 263 982 t.
276 966 302 986 97,
315 966 350 982 108Α
362 966 385 987 ἲ).
412 966 481 988 Semper
498 967 570 983 manicas
588 966 639 983 habet
654 972 693 983 mox
709 967 763 988 longi-

252 993 307 1010 tudine
319 999 357 1010 mox
368 994 477 1016 amplitudine
489 1000 527 1011 mox
539 994 589 1011 etiam
596 995 665 1016 utroque
677 1000 705 1011 eas
715 994 763 1011 Dur-i-

252 1027 308 1038 corum
320 1022 403 1038 chitonum
415 1023 521 1044 superantes,
533 1022 562 1038 cfr.
574 1022 654 1038 Gerhard.
662 1022 684 1038 A.
692 1022 740 1039 V.-B.
752 1024 763 1039 t.

254 1050 289 1070 112,
303 1050 341 1069 136;
358 1051 393 1070 141,
405 1051 440 1066 242.
454 1051 468 1070 1,
480 1051 517 1067 246.
529 1051 544 1070 2,
556 1051 593 1067 248.
605 1051 620 1070 3,
632 1051 669 1066 325.
680 1051 695 1067 2,
717 1051 763 1072 Δρο-

252 1078 320 1099 ptygma
333 1083 399 1099 semper
410 1078 462 1094 deest.
485 1078 591 1099 Summopcre
603 1078 638 1094 eius
650 1078 725 1100 proprius
737 1080 763 1095 est

153 1107 178 1120 Ὲῑε-
185 1108 196 1118 ι»
252 1105 298 1121 sinus
306 1114 326 1117 —
334 1105 362 1127 qui
370 1110 453 1127 uunqusrn
461 1106 478 1121 in
486 1105 546 1122 Dorico
559 1106 623 1122 chitoue
634 1108 735 1127 apparuerat
743 1116 762 1118 —

91 1138 141 1154 supra
148 1133 231 1154 cingulum
239 1133 255 1149 in
263 1134 337 1149 ventrem
348 1133 443 1154 dependens
452 1133 540 1154 (Gerhard.
551 1133 572 1149 Α.
581 1133 628 1150 V.-B,
640 1135 651 1150 t.
664 1134 690 1154 31,
703 1135 739 1151 108.
747 1135 762 1154 2,

92 1161 129 1177 ²46.
137 1160 159 1182 2).

136 1225 140 1233 ¹
150 1224 215 1239 eonfem
224 1226 267 1242 caput
275 1225 298 1238 iv.
