3086 5152
665 277 878 338 ..10-

105 483 134 527 r.
148 464 225 528 333:
256 484 332 528 uam
355 463 383 528 ai
406 465 508 530 vestis
531 465 611 545 illa,
636 484 732 548 quam
760 463 860 548 gerit,
885 465 958 549 ipsa
981 486 1110 550 quoque
1133 464 1293 530 himation
1315 469 1443 550 luisset,
1527 441 1528 464 ί

104 574 279 640 dicendum
302 581 386 640 erat:
415 570 459 640 τὸ
489 575 636 642 σαυτοῦ
660 569 829 659 ἱμάτιον
853 575 925 661 (clu
941 597 969 642 v.
987 576 1073 662 535).
1119 577 1280 642 Vincunt:
1312 601 1389 643 nam
1412 585 1448 644 ut
1527 591 1528 594 ’

105 686 222 771 quibus
246 707 285 752 ea
309 686 439 752 refellas
462 707 529 750 non
550 687 669 766 habes,
695 687 741 750 ita
772 686 878 750 futilia
911 691 987 749 sunt
1016 707 1056 750 ea
1079 707 1162 770 quae
1192 688 1226 750 in
1251 690 1447 754 contrariam

104 804 232 884 partem
259 799 398 883 proferri
424 819 522 884 posse
550 798 732 863 videantur.
783 797 911 883 Quippe
941 797 1109 862 ferebatur
1136 820 1194 882 pro
1221 800 1446 883 praeiudicato

106 945 146 956 —-
169 930 231 974 nec
255 911 405 995 cuiquam
429 910 577 974 dubitare
600 909 640 974 de
663 910 726 974 hac
750 931 785 974 re
809 910 843 973 in
859 915 1003 976 mentem
1018 910 1108 974 venit
1124 945 1165 956 -
1185 902 1446 997 ἡμιδιπλοίδιον,
1528 965 1529 990 q

104 1016 260 1102 χιτώνιον,
278 1019 490 1108 κροκωτίδιον
507 1042 645 1088 scaenae
662 1021 884 1088 antecedentis
901 1021 989 1086 idem
1004 1022 1237 1090 vestimentum
1261 1023 1446 1107 significare

106 1139 204 1219 atqua
235 1129 387 1220 ἔγκυκλον
410 1155 438 1202 v.
460 1136 534 1198 536.
584 1133 646 1198 Oui
675 1135 844 1218 praeclare
872 1134 1049 1204 convenire
1080 1134 1253 1203 videbatur
1281 1134 1367 1218 quod
1397 1136 1446 1203 bis

105 1244 146 1309 de
178 1245 236 1310 illa
269 1246 354 1310 vesti
389 1237 603 1328 ἀμπέχεσθαι
636 1249 812 1328 usurpatur
841 1243 883 1328 (v.
905 1246 977 1309 332.
1002 1265 1032 1308 v.
1058 1245 1149 1330 374),
1185 1247 1378 1333 ceteroquin
1414 1249 1446 1312 in

105 1357 330 1444 periblemetia
355 1378 485 1444 semper
507 1357 718 1437 adhibitum,1
744 1377 806 1421 nec
829 1377 895 1420 non
918 1356 975 1420 vili
998 1357 1203 1442 pendebatur
1226 1359 1312 1444 quod
1336 1382 1367 1424 v.
1385 1362 1445 1424 374

105 1489 164 1554 pro
192 1463 379 1549 χιτώνιον
401 1467 602 1536 Ravennatis
631 1469 792 1554 praebent
820 1462 1033 1553 τριβώνιον
1062 1469 1164 1534 Paris.
1188 1473 1229 1550 B,
1252 1470 1380 1538 Monac.
1405 1479 1444 1553 N,

104 1579 250 1644 Florent.
266 1587 300 1646 Γ.
346 1579 439 1654 Quae
463 1581 527 1644 iam
550 1580 799 1666 grammaticum
823 1580 925 1662 illurn,
949 1580 991 1644 ad
1007 1601 1103 1664 quern
1127 1582 1284 1646 recedunt
1301 1604 1341 1648 ea
1361 1605 1445 1668 quae

105 1692 331 1780 lexicographi
353 1694 393 1758 de
417 1692 658 1777 hemidiploidio
682 1691 870 1756 fabulantur
879 1690 902 1773 2,
928 1698 960 1756 et
982 1714 1087 1778 nuper
1109 1692 1323 1760 Franciscum
1346 1693 1443 1758 Stud-

106 1805 246 1869 ιιίουκα3
270 1804 523 1889 (Vermatuopeo
544 1825 603 1869 ναν
623 1803 736 1886 pricch.
756 1804 1045 1886 Kuueipcschichtc.
1082 1804 1193 1871 Wien.
1225 1807 1315 1870 1884.
1344 1829 1375 1892 p.
1391 1805 1445 1892 28)

105 1917 246 1982 movisse
280 1917 446 1996 videntur,
481 1922 517 1980 ut
551 1915 818 2001 hemidiploidiou
854 1916 1035 2002 periblema
1066 1917 1225 1998 muliebre
1259 1937 1333 1982 esse
1362 1917 1444 1982 iudi-

107 2034 229 2094 carent.
254 2065 295 2076 —-
319 2028 385 2094 Sed
407 2049 510 2092 ranae
535 2033 610 2092 sunt
632 2027 749 2112 quibus
774 2027 833 2090 niti
857 2027 904 2090 illi
927 2026 1077 2091 videntur
1101 2049 1231 2093 causae.

190 2139 275 2203 Nam
298 2140 437 2226 primum
453 2135 583 2223 quidem
601 2137 641 2200 ab
659 2137 746 2200 omni
762 2136 888 2199 ratione
905 2135 1060 2202 abhorret
1081 2159 1160 2224 prae
1177 2140 1292 2226 optimi
1314 2141 1444 2220 codicis,

108 2251 324 2332 Ravennatis,
361 2251 632 2338 interpolatorum
666 2248 774 2334 potius
808 2248 982 2312 lectionem
1016 2251 1181 2336 amplecti.
1240 2251 1326 2318 Nam
1362 2251 1445 2338 quod

108 2493 171 2530 cum
188 2478 331 2546 prematur
347 2472 525 2546 ἠμφιεσμένη
547 2473 619 2526 illud
637 2473 910 2527 Ecclesiazusurum?
948 2473 1024 2537 Quae
1046 2491 1109 2526 cum
1134 2473 1175 2527 ita
1193 2474 1251 2527 sint
1273 2474 1445 2544 1μοὲτιον1ιίο

106 2563 141 2616 de
164 2562 314 2630 endymate
338 2560 465 2630 usurpari
489 2558 669 2614 statuendum
688 2561 737 2627 est,
762 2561 795 2612 ut
812 2559 875 2626 Lys.
897 2576 923 2612 v.
941 2557 1000 2622 401,
1018 2558 1069 2612 419
1093 2558 1217 2628 ἱματίδιον
1242 2559 1338 2614 eadem
1362 2559 1445 2615 vesti·

106 2651 202 2702 menta
219 2649 368 2713 vocantur,
392 2663 463 2714 quae
485 2664 511 2700 v.
524 2646 575 2699 662
598 2644 727 2715 ἐξωμίδες
748 2644 875 2698 audiunt.
911 2645 947 2697 Et
969 2643 1127 2698 memineris
1154 2645 1210 2698 iam
1232 2645 1444 2715 Xenophontem

107 2733 217 2795 ἱμάτιον
234 2749 330 2786 vocem
349 2731 489 2785 rarissimo
514 2731 642 2785 decerto
662 2730 784 2798 quodam
805 2729 924 2785 himatio
948 2729 1080 2784 adhibere
1099 2731 1145 2785 sed
1165 2732 1328 2800 plerumque
1346 2733 1446 2787 latiore

107 2819 312 2891 significatione
330 2818 389 2886 (cfr.
408 2818 510 2872 Sturtz.
527 2817 618 2872 Βαναία
639 2817 803 2885 Xenophon.
823 2836 843 2870 s.
862 2819 908 2886 τ).

208 2905 268 2959 Ηοα
291 2921 356 2958 vero
380 2903 471 2958 evicto
495 2902 632 2974 κροκωτδν
651 2903 792 2958 chitonem
811 2904 929 2957 talarem
948 2904 1072 2958 clausum
1097 2903 1255 2972 circumque
1281 2921 1339 2958 esse
1357 2922 1445 2974 posse,

107 2992 176 3062 quid
193 2991 324 3062 impedit,
350 2990 498 3060 quominus
515 2989 691 3062 κροκωτίδιον
709 2990 851 3045 chitouem
873 2989 1028 3044 breviorem
1047 2991 1172 3045 clausum
1191 3006 1250 3044 esse
1269 2991 1445 3045 statuamus?

106 3080 205 3147 Itaque
231 3078 288 3132 iam
311 3077 459 3133 Ecclesiae.
478 3095 503 3131 v.
515 3077 567 3132 879
588 3073 767 3148 ἠμφιεσμένη
794 3077 866 3130 illud
890 3076 979 3130 secuti
1007 3075 1048 3130 ibi
1077 3076 1203 3145 diploide
1230 3093 1288 3130 esse
1318 3078 1447 3130 statuant

106 3195 139 3204 -
157 3167 252 3219 tamen
277 3182 360 3233 supra
382 3163 494 3218 chitone
519 3166 628 3234 gestam
646 3193 680 3202 —
698 3163 887 3232 adlegentque
911 3161 1037 3216 scholion
1062 3161 1092 3215 in
1115 3162 1200 3215 Amat.
1222 3163 1271 3230 Ly.
1290 3180 1315 3215 v.
1328 3163 1391 3216 645:
1417 3162 1446 3213 ci

106 3247 304 3321 ιίρκτεαόμεναι
328 3249 358 3303 δὲ
381 3253 414 3319 τῇ
436 3251 494 3321 θεῷ
521 3249 658 3318 κροκωτδν
680 3246 870 3319 ἠμφιέννυντο
894 3290 924 3304 ..
949 3251 978 3302 ct
1001 3266 1066 3302 mox
1088 3288 1094 3302 .
1113 3289 1144 3303 ..
1169 3248 1305 3318 κροκωτδν
1335 3247 1445 3317 ἱμάτιον

106 3337 262 3407 φοροδσανι
284 3353 342 3390 non
359 3337 482 3404 tangunt
500 3351 533 3390 ea
552 3334 901 3404 Thesmophoriazuserum
919 3335 973 3388 loci
991 3333 1263 3404 interpretationem,
1281 3334 1379 3402 itaque
1399 3333 1444 3387 vol

106 3439 139 3476 ex
157 3422 210 3476 hac
227 3424 308 3491 parte
326 3423 389 3476 tuta
409 3423 451 3475 est
468 3423 564 3474 nostra
582 3421 616 3476 de
635 3419 848 3490 hemidiploidio
866 3421 1015 3476 sententia.

194 3523 275 3579 ι(111.
298 3523 426 3593 inprimis
444 3523 585 3594 Aristoph.
610 3525 660 3579 Av.
682 3541 707 3578 v.
730 3525 797 3577 1661
815 3542 867 3592 sq:
887 3513 983 3583 οὖτοςί
1008 3523 1034 3576 τί
1056 3522 1137 3594 δρᾷςς
1162 3519 1203 3576 ἐπ’
1222 3519 1339 3596 οίριστέρ
1361 3519 1446 3582 οὕτως

107 3607 239 3680 ιίμπέχει;
257 3611 265 3678 s
283 3606 315 3662 ου’
332 3610 493 3681 μεταβαλεῖς
504 3610 651 3680 θοίμάτιον
670 3599 721 3663 οἷδ’
739 3609 784 3664 ἐπὶ
803 3610 894 3673 δεξιά,-
913 3612 1058 3679 praeterea
1069 3610 1119 3663 Vc.
1132 3627 1157 3663 v.
1168 3609 1243 3663 1150.
1270 3609 1319 3677 Ly.
1332 3627 1358 3663 v.
1369 3609 1444 3663 1150.

106 3698 167 3751 Plu.
180 3714 205 3750 v.
219 3696 277 3750 817,
305 3696 378 3750 Plat.
394 3695 511 3750 Phaedr.
531 3714 558 3765 p.
571 3695 604 3748 81
623 3695 653 3760 Β,
671 3694 806 3765 Hippiam
823 3696 934 3764 Erythr.
953 3697 1030 3766 apud
1046 3696 1147 3750 Athen.
1167 3713 1194 3764 p.
1207 3695 1258 3748 259
1270 3712 1293 3748 c.
1313 3693 1447 3766 ἁλουργιὶς

105 3783 158 3851 μὲν
186 3777 376 3853 ιίμπεχόμενοι
409 3774 553 3850 περιβολδς
584 3779 630 3833 καὶ
660 3783 779 3850 χιτιῖνας
805 3781 979 3840 ἐνδεδυκότες
1009 3779 1231 3851 περιπορφύρους
1260 3780 1446 3849 similiterque

106 3869 213 3922 Heracl.
233 3867 342 3921 Pontic.
365 3867 402 3920 ib.
427 3886 454 3937 p.
467 3867 518 3921 512
536 3867 562 3921 b.
583 3909 589 3922 .
609 3909 614 3921 .
635 3907 641 3921 .
661 3868 782 3937 ἁλουργῆ
803 3870 857 3938 μὲν
874 3867 930 3940 γάρ
949 3864 1120 3937 ἠμπίσχοντο
1140 3867 1244 3938 ἱμάτια,
1266 3865 1404 3926 ποικίλους
1422 3863 1449 3918 δ’

105 3953 241 4007 ὑπέδυνον
258 3954 383 4022 χιτῶνας.

193 4038 311 4092 ²Unius
329 4038 484 4093 doctrinam
508 4057 602 4094 omnes
626 4041 757 4110 praebere
775 4038 884 4093 videbis
908 4038 976 4093 locis
998 4041 1064 4093 aute
1089 4038 1182 4093 oculos
1204 4037 1258 4092 tibi
1277 4036 1445 4106 propositis:

106 4125 223 4180 Photius
241 4144 267 4194 p.
285 4125 343 4180 260.
375 4125 482 4190 Nuber,
504 4143 560 4192 quo
578 4126 685 4180 fontem
704 4125 842 4180 confessus
860 4123 1015 4196 (Ῥητορική)
1037 4125 1127 4192 Etym.
1147 4124 1241 4193 Magn.
1259 4122 1363 4176 utitur:
1381 4122 1447 4191 ἠμι·

107 4210 265 4264 διπλοίδιον·
278 4211 435 4279 γυναικεῖον
447 4211 535 4280 βραχυ
547 4211 707 4284 περίβλημα,
726 4210 742 4263 δ’
754 4208 834 4282 ἔνδον
850 4213 984 4281 φοροῦσιν
995 4210 1050 4263 α’πδ
1063 4210 1112 4264 τδν
1122 4208 1221 4280 μηρόν.
1245 4209 1364 4277 Hesych.
1377 4228 1398 4264 s.
1407 4225 1446 4264 v.:

107 4296 217 4367 ἱμάτιον
239 4298 353 4367 μοκρδν,
378 4297 405 4348 ol
430 4295 460 4348 dd
483 4291 648 4364 ἄναβόλαιον
673 4296 831 4365 γυναικεῖον
853 4295 1010 4366 σύμμετρον
1028 4296 1064 4362 (λ)
1087 4292 1154 4367 ὅπερ
1179 4291 1295 4347 ἔνδοθεν
1316 4293 1445 4364 ἐφόρουν.

107 4382 196 4436 Schol.
215 4383 407 4452 Aristophan,
432 4399 552 4450 quocum
570 4382 670 4437 Suidas
692 4381 846 4437 consentit:
872 4380 904 4434 τδ
923 4384 986 4447 (om.
1007 4380 1094 4449 Suid.)
1118 4380 1276 4448 γυναικεῖον
1300 4377 1411 4448 ἱμάτιον
1429 4376 1448 4446 ἠ

108 4469 171 4534 (om.
190 4467 278 4534 Suid.)
298 4463 461 4534 ἇναβόλαιον
479 4472 624 4537 γυναικῶν.

195 4553 278 4618 ³Qui
304 4571 366 4608 eum
388 4572 484 4609 causas
508 4555 539 4608 in
561 4555 610 4609 illo
636 4555 732 4609 libello
754 4555 879 4608 nondum
903 4552 1033 4608 attulerit
1054 4569 1118 4607 mox
1140 4552 1200 4622 ipse
1222 4568 1334 4620 quoque
1358 4552 1392 4608 de
1417 4569 1447 4606 re

107 4637 240 4694 vestiaria
252 4638 348 4693 Attica
361 4641 540 4694 meleternata
556 4640 690 4704 editurus,
702 4642 869 4710 argumenta
881 4638 940 4693 eius
953 4636 1113 4707 praecipere
1126 4640 1237 4692 coactus
1249 4655 1332 4692 eram.
1360 4638 1446 4709 Spero

108 4741 173 4780 vero
191 4742 236 4780 me
254 4745 310 4782 non
328 4731 392 4780 atro
410 4742 553 4780 caesurum
573 4741 639 4780 esse.
