3086 5152
670 288 884 349 ..13..„

100 473 200 550 Quae
225 496 266 540 ne
294 474 409 540 dicam
424 473 566 540 absurda
588 479 622 540 at
644 473 764 560 frigida
787 480 875 540 certe
899 480 1003 555 esset,
1028 475 1056 538 si
1078 475 1164 540 iusto
1188 495 1279 540 more
1300 475 1450 540 indutum

99 594 211 652 totum
233 587 372 674 Blepyri
397 608 516 674 corpus
538 586 809 674 hemidiploidion
832 587 1036 653 involvisset.
1148 582 1151 588 ’

192 717 265 780 Iam
281 737 359 781 vero
380 722 430 782 est
443 718 506 799 uia,
530 738 595 802 qua
616 717 668 780 usi
693 717 740 780 illi
763 717 960 782 sententiam
984 737 1116 781 serrare
1138 717 1276 801 possint.
1317 716 1447 803 Nempe

1 861 2 864 ¹
99 829 306 894 Studniozka
333 828 366 892 id
397 829 606 894 himatiorum
641 849 746 912 genus
776 825 1096 914 hemidiploidiorum
1126 829 1257 893 nomine
1289 828 1449 914 designat,

97 928 195 1006 euius
220 941 408 1026 exemplum
431 941 672 1005 nobilissimum
695 938 804 1004 Diana
827 960 911 1025 quae
935 939 1054 1004 dicitur
1070 939 1281 1004 Gabiniensis
1300 941 1448 1026 praebet,

99 1053 179 1117 sine
203 1051 303 1116 dubio
327 1052 403 1137 quia
425 1051 487 1115 hoc
509 1072 610 1116 unum
633 1051 719 1116 inter
742 1051 854 1116 cetera
874 1051 1048 1116 mulierum
1066 1051 1154 1116 illius
1170 1053 1289 1118 aetatis
1305 1053 1448 1138 peribie-

96 1170 194 1228 mata
223 1184 339 1228 revera
367 1163 490 1256 duplex
519 1170 577 1228 est.
627 1162 701 1227 Hoc
730 1165 796 1228 tale
826 1163 999 1244 himaticn,
1033 1185 1106 1228 cum
1137 1163 1180 1228 sit
1207 1185 1335 1251 pannus
1369 1185 1448 1249 qua-

96 1276 218 1341 dratus
242 1274 321 1339 satis
337 1295 477 1360 magnae
494 1295 676 1355 mensurae,
702 1275 800 1338 etiam
822 1274 856 1338 in
877 1279 1017 1360 utroque
1038 1276 1174 1340 humero
1197 1276 1306 1341 fibulis
1330 1275 1449 1360 configi

96 1382 262 1474 potuisse,
286 1389 333 1450 ita
349 1392 385 1450 ut
401 1387 539 1471 accipiat
559 1387 698 1450 formam
714 1387 815 1450 vestis
828 1385 996 1453 Victoriae
1014 1386 1173 1452 Gerhard.
1190 1387 1232 1452 A.
1240 1387 1335 1451 V.-B.
1348 1393 1370 1452 t.
1387 1391 1446 1450 155

96 1499 235 1586 puellae
260 1489 449 1583 amphoram
472 1497 608 1561 ferentis
624 1496 746 1560 Mal.
763 1483 805 1560 X.
822 1504 845 1562 t.
864 1500 915 1578 33,
940 1499 1010 1582 quis
1034 1505 1085 1562 est
1108 1500 1163 1585 qui
1185 1505 1304 1584 neget?
1351 1498 1447 1564 Hanc

97 1615 214 1674 autem
247 1609 384 1672 formam
418 1607 600 1672 indumenti
632 1608 768 1672 formam
806 1629 879 1673 esse
911 1609 1034 1690 dicent,
1069 1604 1299 1693 (χιτώνιον),
1335 1617 1367 1674 et
1402 1611 1447 1673 sic

97 1721 272 1785 mulierem
295 1720 429 1805 Blepyri
457 1720 547 1783 illam
575 1725 708 1804 gestare
740 1713 794 1800 (τὸ
822 1713 1035 1804 κροκωτίδιον
1064 1711 1324 1804 ἀμπισχόμενος,
1359 1713 1447 1785 οὖν·

96 1826 271 1914 δύεται),
295 1831 383 1895 illam
407 1829 630 1916 periblematis
654 1851 727 1894 esse
750 1823 925 1914 (ἒχκνκλον,
949 1823 1179 1914 ἀμπέχεσθαι)
1202 1837 1236 1896 et
1258 1833 1315 1914 sio,
1339 1832 1447 1895 soluta

2 2029 6 2035 .
96 1944 207 2008 altera
233 1942 349 2024 fibula,
381 1941 560 2027 Blepyrum
583 1941 673 2006 illam
705 1940 767 2004 sibi
795 1940 1035 2005 circumiecisse
1065 1933 1266 2024 (ἀμπέχει
1288 1937 1445 2024 χιτιόνιον,

96 2048 316 2138 κροκωτίδιον
338 2045 660 2136 ἀμπισχόμενος,
684 2043 877 2136 οὑνδύεται).

169 2161 235 2246 'At
258 2183 311 2247 vel
334 2182 415 2246 haec
442 2181 543 2246 irrita.
588 2181 672 2246 Nam
700 2181 839 2267 primum
862 2181 1009 2266 quidem,
1040 2202 1112 2247 cum
1139 2183 1292 2248 mulieres
1316 2204 1446 2270 quoque

97 2295 295 2380 saepissime
318 2294 352 2357 in
374 2293 478 2358 altero
501 2298 628 2357 tantum
650 2293 785 2358 humero
805 2298 932 2358 vestem
956 2298 1143 2359 contentam
1160 2299 1287 2380 gerant,
1312 2294 1359 2358 sic
1379 2317 1445 2358 non

96 2407 260 2492 explicari
283 2410 403 2492 potest,
433 2425 489 2469 cur
511 2410 579 2488 tam
605 2401 716 2469 dedita
745 2425 846 2490 opera
869 2403 1108 2490 Aristophanes
1133 2406 1297 2491 significet
1319 2406 1443 2470 Praxa-

97 2516 218 2602 'goram
239 2514 508 2612 hemidiploidion
531 2511 676 2582 induere.

187 2645 297 2731 Atque
322 2645 450 2711 etiamsi
472 2645 628 2710 mulieres
651 2645 781 2730 saepius
804 2647 838 2710 in
860 2651 1000 2732 utroque
1025 2666 1121 2730 quam
1135 2645 1169 2710 in
1185 2647 1287 2711 altero
1306 2646 1442 2713 humero

95 2760 191 2824 illam
214 2763 341 2822 vestem
364 2747 524 2822 conexam
547 2757 745 2842 gessissent,
775 2762 887 2822 tamen
918 2755 958 2822 de
990 2777 1030 2822 ea
1058 2757 1195 2841 eogitari
1223 2779 1287 2822 non
1318 2765 1442 2844 posset,

95 2875 253 2935 vetarent
285 2871 370 2935 enim
401 2889 499 2934 voces
531 2861 699 2934 οὑνδύεται
730 2874 763 2932 et
790 2863 948 2950 χιτώνιον.
1003 2868 1073 2942 Quo
1105 2869 1192 2933 enim
1221 2891 1343 2954 quaeso
1372 2870 1442 2935 iure

95 2985 168 3048 tale
199 2983 447 3062 vestimentum,
480 2981 575 3065 quale
604 2972 635 3045 εξ
656 3002 705 3065 gr.
724 2979 872 3044 Victoria
905 2986 939 3044 et
968 2981 1080 3064 puella
1108 2980 1141 3044 in
1170 2981 1311 3045 vasculis
1346 3002 1443 3067 supra

96 3095 210 3162 allatis
233 3099 366 3179 gerunt,
398 3114 458 3180 pro
483 3091 657 3176 endymate
680 3091 838 3156 habebis?
884 3090 959 3155 Non
981 3091 1125 3155 induitur
1149 3091 1208 3155 sed
1232 3093 1358 3177 corpori
1380 3093 1442 3156 cir-

96 3203 289 3279 cumdatum
313 3224 378 3278 non
400 3201 550 3287 cingitur,
573 3201 637 3264 nisi
658 3206 749 3264 tanta
764 3201 801 3264 fit
817 3200 982 3287 deplicata
996 3222 1083 3286 pars,
1107 3208 1143 3266 ut
1164 3203 1247 3267 ratio
1265 3204 1442 3268 cincturam

96 3317 254 3404 poscat31
286 3337 383 3401 supra
405 3313 535 3400 proprio
559 3313 689 3377 chitone
714 3333 819 3398 neque
841 3313 875 3376 in
898 3314 969 3398 ipso
993 3335 1127 3399 corpore
1151 3313 1356 3400 gerebatur.²
1399 3315 1443 3379 Et

97 3427 267 3513 expressis
292 3425 531 3492 Grammaticus
561 3423 692 3509 quidam
714 3423 959 3489 Alexandrinus
988 3425 1127 3490 eximiae
1159 3425 1327 3492 doetrinae
1356 3426 1460 3512 apud¹

96 3541 202 3606 schol.
225 3541 258 3604 in
281 3539 535 3624 EuripHeoub.
552 3559 584 3603 v.
597 3539 659 3604 933
683 3543 808 3601 vestem
823 3537 985 3622 virginum
1006 3537 1241 3619 Lacaenarum,
1265 3559 1349 3623 quae
1371 3538 1443 3624 ipsa

1 3732 2 3735 Ἴ
96 3671 228 3736 quoque
244 3651 277 3714 in
292 3656 431 3735 utroque
447 3651 582 3714 humero
598 3649 833 3734 configebatur,
857 3669 922 3712 non
946 3649 1151 3714 ohitonem
1175 3649 1232 3713 sed
1253 3649 1442 3714 himation

97 3783 176 3827 esse
207 3761 383 3828 testatur:³
415 3757 451 3826 αί
478 3753 745 3843 Λακεδαιμόνιοι
774 3753 869 3844 κόραι
904 3754 1146 3844 διημερεύουσιν
1180 3752 1352 3839 ἀζωστοι
1384 3758 1441 3824 καί

15 3949 19 3958 ι
97 3866 299 3954 ἀχίτωνες
326 3867 532 3955 ἱματίδιον
559 3865 692 3952 ἔχουσαι
718 3866 975 3954 πεπορπημένον
997 3861 1054 3954 ἐφ’
1080 3864 1232 3956 ἑκατέρου
1254 3869 1318 3934 τῶν
1345 3863 1442 3955 ύίμιον

96 3983 168 4050 κτλ.
193 4021 233 4032 -

188 4112 249 4178 Est
271 4113 370 4197 igitur
389 4105 640 4200 ἡμιδιπλοίδιον
657 4111 764 4175 chiton
782 4108 1059 4175 circumclausus.
1104 4107 1147 4172 Et
1163 4109 1293 4192 qualem
1308 4109 1441 4175 tandem

100 4225 268 4292 chitonem
290 4224 324 4288 id
347 4224 448 4289 fuisse
472 4223 533 4287 tibi
555 4223 680 4308 finges?
724 4219 916 4307 Respondet
945 4220 1018 4305 ipsa
1040 4239 1118 4283 vox:
1146 4224 1216 4284 erat
1238 4218 1442 4286 dimidiatum

190 4433 199 4463 ¹
217 4429 258 4482 De
277 4445 331 4497 quo
350 4428 427 4482 etin
445 4427 563 4482 alterius
580 4426 669 4497 partis
687 4444 747 4496 cap.
766 4427 807 4480 III
824 4443 915 4496 agam.

190 4540 200 4570 ²
219 4533 340 4588 Videtur
357 4531 487 4602 inprimis
504 4532 615 4585 Excute.
628 4531 662 4596 H,
682 4529 746 4585 dein
765 4533 794 4586 et
811 4529 923 4599 pontii
941 4528 1062 4597 euplii,
1080 4527 1128 4581 ubi
1141 4525 1313 4595 superiorum
1329 4527 1438 4591 ,artior

99 4622 220 4681 vestitus
237 4619 357 4675 veebum
375 4617 481 4672 mentio
499 4618 538 4670 fit.

190 4730 255 4784 Ἐκ
271 4731 316 4783 hic
334 4731 410 4784 locus
428 4728 458 4781 in
476 4727 586 4780 Excurs.
603 4727 629 4779 II
648 4725 823 4779 tractabitur.
