3086 5152
670 290 883 355 -32..

192 481 263 545 Iam
279 481 477 546 indumentis
493 479 643 546 tractatis
659 486 864 544 transeamus
879 479 921 544 ad
937 479 1153 565 periblemata
1167 477 1281 543 Dorici
1297 480 1449 560 vestitus,

108 595 135 656 si
159 593 301 658 chitonis
325 614 445 658 nornen
466 595 500 656 in
533 599 638 657 totum
661 593 817 656 vestitum
842 591 1021 656 extendere
1045 591 1133 655 licet.
1178 583 1450 676 Ae'quamquam

106 726 171 769 ηοη
182 710 219 768 ut
232 705 379 770 chitones
393 705 439 768 sic
457 705 555 769 etiam
567 705 703 769 himatia·
714 704 836 768 Dorica
849 709 882 769 et
892 703 1005 770 Ionica
1018 703 1159 767 discerni
1174 709 1323 788 possunt,
1337 697 1450 767 tamen

105 817 206 881 habet
227 815 369 880 Doricus
400 822 488 880 certe
508 816 647 880 vestitus
669 815 851 902 periblema
873 815 1053 901 quoddam,
1077 814 1164 900 quod
1187 814 1257 878 eius
1278 813 1449 900 proprium

107 928 159 1007 sit,
180 933 214 992 et
236 927 320 1012 quod
338 927 449 991 Ionico
464 927 595 992 chitone
619 933 752 1013 recepto
771 928 942 1014 paullatim
964 948 1007 992 ex
1022 947 1084 990 usu
1104 926 1205 991 venit.
1236 925 1321 990 Nam
1342 925 1449 1012 quoad

405 1036 461 1103 ille
485 1061 568 1104 unus
592 1039 625 1102 in
647 1060 709 1103 usu
732 1045 797 1120 est,
820 1039 976 1102 himation
1000 1059 1019 1101 a
1042 1043 1135 1122 tergo
1157 1037 1288 1122 utrique
1310 1037 1448 1101 humero

405 1149 555 1232 iniciunt,
584 1151 688 1216 itaut
711 1151 752 1216 ab
775 1156 914 1236 utroque
937 1149 1057 1214 lacinia
1079 1148 1176 1213 modo
1199 1149 1329 1234 longior
1350 1148 1449 1212 modo

157 1342 163 1354 .
404 1261 535 1325 brevior
557 1263 589 1325 in
614 1263 754 1326 anticam
773 1262 917 1348 corporis
941 1267 1067 1347 partem
1083 1259 1278 1346 dependeat,
1303 1265 1450 1325 ceterum

318 1403 335 1462 ς
404 1373 562 1437 himation
578 1375 611 1438 in
627 1375 753 1460 postica
770 1373 809 1438 ad
827 1394 921 1437 crura
936 1393 1040 1458 usque
1056 1372 1188 1436 defluat.
1212 1369 1351 1465 (Videas
1365 1371 1449 1451 ltq9

199 1477 204 1484 ’
405 1485 542 1568 petitam
558 1506 631 1550 eam
644 1507 686 1550 ex
698 1485 926 1570 Heydemann.
943 1482 1067 1548 Griech.
1083 1482 1176 1547 v-B.
1189 1487 1211 1546 t.
1224 1485 1253 1546 6.
1266 1467 1449 1567 411οηὶ00

406 1603 516 1661 autem
545 1597 674 1661 chitone
703 1597 774 1681 geri
797 1595 979 1680 incipiente
1006 1595 1164 1660 himation
1192 1596 1287 1658 laevo
1309 1594 1448 1658 humero

192 1710 266 1784 “s
312 1781 322 1803 ¹·
405 1709 594 1794 impositum
617 1714 650 1772 et
673 1708 750 1773 dein
767 1707 864 1772 modo
889 1708 949 1772 sub
972 1707 1068 1771 modo
1093 1728 1191 1793 super
1207 1705 1360 1770 dextrum
1385 1705 1447 1768 hu·

310 1814 325 1836 “’
404 1840 530 1883 merum
560 1821 646 1884 circa
677 1841 793 1905 corpus
823 1819 955 1884 ductum
985 1819 1080 1883 laevo
1115 1839 1226 1882 rursus
1259 1817 1447 1902 imponitur,

167 1923 173 1969 ·'
199 1960 214 1989 ‚¹
250 1938 272 1990 23:
318 1949 338 2000 e:
402 1937 479 1994 ncta
495 1952 579 2016 quae
604 1937 655 1996 est
680 1931 898 1996 etHelleniea
920 1931 1047 1994 himatii
1063 1929 1200 2014 gerendi
1222 1929 1314 1992 ratio.
1350 1926 1445 2000 Quae

163 2110 167 2123 ¹
207 2120 218 2145 s
404 2063 476 2106 curn
513 2043 682 2128 hucusque
714 2043 790 2106 viris
824 2048 951 2107 tantum
984 2041 1105 2106 decora
1136 2041 1253 2104 fuisset
1282 2038 1448 2124 (conferas

164 2137 167 2146 ¹
305 2145 330 2202 ²·'
403 2159 534 2238 praeter
545 2155 698 2240 exempla
710 2154 794 2218 infra
806 2155 906 2219 allata
921 2153 1078 2238 imprimis
1096 2151 1264 2237 Glaucytis
1282 2156 1315 2215 et
1326 2150 1447 2214 Archi-

205 2338 216 2369 s
318 2337 321 2342 ¹
403 2264 461 2327 elis
478 2265 615 2349 eylieem
637 2265 770 2329 Mal.
789 2266 848 2332 IV.
859 2271 881 2330 t.
896 2268 961 2348 59),
980 2270 1057 2329 tunc
1074 2285 1094 2328 a
1110 2263 1301 2328 mulieribus
1319 2282 1448 2346 quoque

402 2381 539 2461 accepta
562 2382 623 2442 est.
659 2376 754 2450 Quod
777 2382 886 2442 utrum
909 2377 1084 2441 cohaereat
1108 2397 1181 2440 oum
1208 2374 1285 2439 novi
1305 2374 1447 2442 chitonis
1537 2403 1538 2424 r

252 2528 317 2586 Ἦ,
402 2493 528 2566 natura,
551 2489 608 2552 vix
637 2487 701 2552 diei
724 2493 843 2574 potest.
890 2487 1022 2572 Cogites
1051 2487 1222 2552 materiem
1245 2487 1315 2552 eius
1340 2489 1447 2552 minus

204 2573 329 2700 κω
402 2619 546 2662 crassam
570 2619 667 2685 quam
690 2598 805 2662 Dorici
829 2600 989 2681 suasisse,
1011 2605 1047 2662 ut
1071 2619 1187 2684 corpus
1210 2599 1324 2683 magis,
1349 2620 1447 2684 quarn

402 2709 507 2774 adhue
530 2709 601 2775 fieri
624 2711 764 2790 soleret,
794 2711 1010 2774 involverent.
1055 2710 1212 2774 Fortasse
1244 2709 1343 2775 etiam
1372 2731 1447 2774 eum

401 2821 519 2905 longae
551 2822 631 2906 eius
650 2821 799 2886 manicae
823 2821 977 2886 bracchia
1004 2827 1171 2906 tegerent,
1200 2823 1290 2906 prius
1317 2843 1404 2886 nunc
1428 2842 1447 2884 a

399 2953 434 2996 se
451 2933 626 3018 impetrare
643 2939 782 3019 potuere
794 2933 949 2998 mulieres
965 2932 1108 3013 Atticae,
1132 2939 1169 2998 ut
1185 2910 1335 2998 dextrum
1350 2933 1446 2997 brac-

47 3063 50 3068 *
107 3039 216 3104 chium
232 3040 468 3128 humerumque
486 3043 637 3108 dextrum
653 3045 757 3108 oculis
773 3046 914 3109 virorum
932 3050 1146 3130 exponerent,
1170 3065 1265 3129 quae,
1288 3051 1325 3108 ut
1340 3045 1447 3124 laeva,

106 3158 203 3217 antea
226 3152 420 3238 dependulis
443 3156 507 3219 illis
531 3157 563 3220 in
580 3157 683 3242 latere
706 3157 833 3220 laciniis
851 3157 970 3242 optime
994 3155 1254 3222 involvebantur.
1290 3155 1357 3221 Sed
1372 3161 1448 3220 utut

106 3285 158 3328 res
182 3285 256 3328 sese
279 3265 397 3346 habet,
427 3267 524 3352 plane
549 3249 666 3332 ecdem
689 3266 786 3330 modo
815 3273 852 3330 ut
875 3267 1005 3330 Ionicus
1038 3267 1147 3330 chiton
1170 3268 1216 3330 sic
1239 3268 1337 3332 etiam
1360 3288 1448 3332 nova

105 3377 242 3440 amictus
268 3377 350 3439 ratio
382 3397 541 3461 nusquam
566 3377 705 3441 occurrit
734 3377 767 3440 in
791 3378 878 3442 vasis
902 3377 1152 3461 antiquissimis,
1184 3379 1300 3446 creber
1321 3378 1357 3442 fit
1379 3378 1447 3441 iarn

105 3487 137 3549 in
173 3488 262 3550 vasis
302 3487 462 3552 archaicis
497 3488 714 3552 liberioribus.
776 3489 901 3554 Videas
938 3510 1017 3578 vasa
1057 3488 1175 3570 Clitiae
1209 3495 1242 3555 et
1273 3489 1447 3574 Ergetimi,

105 3599 259 3662 Xenoclis
288 3597 608 3682 (Raoul-Roehette,
638 3599 785 3664 Monam.
808 3601 890 3664 toe'ol.
921 3606 943 3666 t.
967 3603 1039 3684 49),
1067 3601 1132 3664 alia
1161 3601 1387 3686 antiquissima
1410 3606 1448 3664 ut

106 3691 147 3772 n.
173 3707 205 3773 o.
234 3709 260 3775 Ι.
290 3715 311 3774 r.
342 3712 382 3772 es
406 3708 515 3790 A,11‚
539 3715 561 3774 r.
587 3713 637 3774 sc.
660 3710 702 3792 n,
731 3709 794 3774 111.
817 3717 839 3774 c.
866 3714 920 3786 ra
960 3710 1119 3774 seruare.
1147 3711 1189 3774 A.
1216 3711 1309 3776 v-B.
1340 3718 1363 3777 r.
1392 3716 1446 3794 re,

108 3823 232 3903 12112,
262 3823 334 3885 205.
357 3823 387 3903 3,
423 3823 495 3903 233,
527 3824 599 3888 324.
624 3825 659 3896 2;
692 3823 740 3886 M.
764 3823 793 3886 d.
818 3821 931 3888 LIII.
954 3828 976 3887 1.
999 3827 1051 3904 44,
1078 3821 1138 3885 ΙΧ.
1165 3828 1189 3888 t,
1218 3827 1274 3900 55;
1304 3823 1447 3910 denique

105 3933 335 4020 Heydemann.
362 3933 486 3997 Griccla
517 3931 611 3999 V.-B.
636 3938 659 3998 t.
683 3936 749 3996 6.4
781 3933 887 4017 (euius
910 3933 1036 3997 vasculi
1059 3932 1194 4015 Thetin,
1217 3935 1293 4019 quia
1315 3942 1448 4021 praeter

105 4051 216 4109 cetera
235 4045 287 4108 hic
304 4044 446 4108 dilucida
464 4045 723 4130 repraesentatio
740 4044 867 4108 himatii
882 4045 962 4124 {tad
976 4035 1285 4129 repraesentandam
1305 4047 1446 4132 curavi):

104 4158 225 4242 ubique
248 4158 390 4242 priorem
410 4157 546 4222 formam
569 4157 680 4221 hahes.
714 4155 861 4220 Alterius
878 4162 990 4220 contra
1017 4177 1099 4241 quae
1116 4161 1266 4242 poteram
1288 4157 1446 4242 indagare

105 4269 326 4354 antiquissima
349 4270 501 4354 exempla
524 4274 599 4332 sunt
615 4266 775 4333 Gerhard.
790 4266 832 4330 A.
850 4265 941 4330 V.-B.
959 4273 982 4332 t.
1000 4271 1156 4350 111,141,
1173 4271 1354 4350 211-212,
1372 4273 1446 4333 214.

104 4379 221 4464 Neque
245 4387 357 4444 tamen
384 4385 420 4443 ut
442 4379 584 4444 Doricus
608 4379 720 4443 chiton
743 4378 790 4442 sie
818 4379 915 4443 etiam
940 4379 1122 4463 periblema
1150 4400 1223 4444 eum
1253 4401 1293 4445 eo
1316 4387 1445 4465 gestum

209 2911 258 2963 vig.
273 2917 293 2956 9.

105 4587 221 4640 fortasse
239 4586 339 4640 leviter
356 4585 558 4639 immutabunt:
577 4585 637 4655 ipse
655 4586 684 4638 te
703 4584 838 4639 admoneo
852 4585 946 4654 exigui
964 4584 1041 4674 illius
1060 4584 1147 4654 panni
1159 4583 1195 4637 ab
1208 4583 1329 4638 humeris
1342 4585 1445 4653 depen-

105 4672 206 4737 dentis,
225 4689 307 4740 quem
326 4672 411 4726 habes
430 4689 453 4728 e.
466 4690 506 4740 gr.
520 4671 652 4726 Gerhard.
665 4670 700 4724 A.
720 4671 796 4726 V.-B.
815 4674 835 4724 t.
855 4672 913 4735 125,
932 4672 994 4730 266ς
1013 4672 1049 4724 Ε.
1062 4670 1090 4724 O.
1103 4671 1124 4724 I.
1137 4672 1157 4722 t.
1170 4670 1212 4734 54,
1230 4671 1362 4724 insolitae
1380 4669 1444 4723 dein

105 4757 317 4828 apoptygmatis
336 4756 440 4810 formae
458 4775 530 4825 quse
548 4755 692 4810 invenitur
710 4756 841 4810 Gerhard.
862 4755 974 4821 Eteocle.
993 4754 1052 4807 aad
1068 4754 1192 4821 tompore.
1217 4754 1294 4809 V.-B.
1313 4758 1332 4810 t.
1355 4757 1395 4811 13.
