3086 5152
653 305 864 364 ...17-

90 485 199 550 oleum
224 487 364 572 perdere
387 487 421 552 in
443 489 580 553 istorum
602 490 862 575 magistellorum
886 493 1050 557 erroribus
1072 494 1275 580 explicandis
1292 497 1430 560 versari:

88 597 164 680 quid
189 599 298 662 enim?
327 599 559 664 vestimentum
588 601 727 686 simplex
756 597 943 667 διπλοίδιον
966 625 990 667 s.
1014 601 1174 668 διπλολδοι
1199 610 1328 668 vocant!
1358 603 1429 689 (cfr.

87 709 216 773 Riehm.
241 709 417 775 Biblisches
439 711 729 775 Hondwdrlcrbuch
753 734 777 775 s.
800 733 829 777 v.
853 713 1004 798 siphon).

632 963 888 970 ψ-

740 1205 783 1278 ΙΙ.

173 1351 284 1416 Variis
307 1352 491 1416 nominibus
515 1353 672 1438 duplicati
699 1353 834 1417 chitonis
858 1351 1076 1439 dependulsm
1104 1359 1230 1439 partem
1258 1354 1431 1439 designare

86 1463 183 1526 libuit
211 1464 289 1527 viris
318 1463 432 1530 doctis.
481 1465 635 1550 Plerique
666 1466 753 1529 enim
784 1457 1035 1551 ἡμιδιπλοίδιον
1062 1470 1118 1528 eut
1146 1461 1335 1530 διπλοίδιον
1358 1488 1430 1530 eam

86 1576 260 1639 vocabant.
305 1573 355 1638 Ac
386 1573 427 1650 de
454 1573 510 1636 illo
539 1595 621 1638 voce
649 1595 748 1658 supro
779 1574 844 1636 ism
875 1574 1017 1658 egimus,
1051 1572 1092 1638 de
1122 1574 1183 1638 hec
1207 1575 1262 1654 vix
1285 1576 1430 1661 pluribus

86 1685 252 1752 disserere
276 1707 357 1772 opus
380 1692 446 1767 est,·
461 1707 547 1764 nam
570 1691 708 1772 apparet
731 1685 882 1766 formem,
913 1685 990 1749 lieet
1013 1685 1054 1748 sit
1077 1683 1294 1766 deminnhva,
1318 1693 1429 1751 tomen

14 1851 15 1854 ,
85 1798 188 1863 nihilo
225 1799 332 1862 minus
366 1798 489 1884 duplex
521 1797 684 1883 quoddam
714 1797 947 1862 vestimentum
980 1797 1164 1881 significare
1196 1797 1335 1880 debere,
1367 1820 1430 1862 non

84 1916 215 1994 portem
237 1909 385 1995 duplicis.
431 1911 497 1975 Alii
520 1903 720 1994 ἆμπεχόνιον
743 1931 815 1973 eom
839 1909 1037 1974 vocabantz¹
1059 1909 1199 1974 fortusse
1223 1911 1299 1995 quia
1322 1932 1430 1999 grom-

85 2022 198 2086 matioi
237 2021 299 2086 hoc
340 2023 523 2107 significare
562 2023 738 2108 perhibent
769 2016 886 2106 μικρὸν
920 2017 1107 2107 περίβλημοι
1142 2021 1239 2107 (Poll.
1268 2022 1344 2087 VII.
1376 2022 1430 2105 49)

14 2133 15 2138 ’
85 2154 109 2198 s.
130 2127 256 2198 λεπτὸν
284 2125 415 2215 ἱμάτιον
449 2133 567 2217 (Suis,
599 2132 709 2218 Etym.
739 2132 834 2214 eud,
868 2131 1027 2218 Hesych,
1060 2110 1198 2220 Moeris,
1232 2133 1312 2219 clii).
1365 2131 1431 2196 Alii

84 2243 227 2330 denique
251 2241 380 2324 πέπλος
403 2269 428 2310 s.
453 2239 578 2325 ἓανός,2
601 2265 700 2310 voces
724 2243 937 2325 Homericos,
967 2219 1181 2309 adhibebant:
1213 2266 1276 2330 quo
1299 2244 1430 2309 tandem

84 2357 156 2420 loco
180 2357 256 2438 nisi,
280 2357 433 2442 equidem
455 2358 577 2421 neseio.

171 2467 256 2549 Sed,
288 2470 353 2534 nisi
383 2441 492 2534 omnio
519 2491 572 2533 me
602 2469 737 2550 fallunt,
769 2473 970 2533 asservatum
1001 2469 1095 2533 nobis
1119 2473 1170 2533 est
1196 2489 1332 2549 nomen,
1368 2489 1431 2552 quo

83 2581 187 2646 Attici
212 2587 326 2666 quarto
344 2603 373 2646 o.
391 2580 426 2646 (l.
444 2603 474 2648 n.
493 2581 625 2645 saeculo
646 2581 736 2644 illem
753 2585 879 2666 portem
896 2579 1160 2665 designaverunt.
1196 2579 1322 2644 Extant
1345 2579 1431 2644 enim

83 2693 170 2757 tituli
195 2694 369 2775 nonnulli,³
392 2694 425 2757 in
458 2693 574 2778 quibus
602 2698 794 2758 recensetur
817 2697 925 2756 statuo
948 2713 1050 2756 auree
1071 2681 1239 2756 Victoriae
1263 2693 1296 2755 in
1318 2691 1429 2756 Heca-

172 2918 182 2948 ¹
203 2914 248 2970 Sic
270 2915 433 2969 nominatur
450 2913 525 2968 Amr.
546 2915 613 2968 1863
637 2933 663 2984 p.
677 2913 741 2978 235;
764 2913 840 2983 apud
862 2913 943 2968 Guhl.
958 2878 992 2967 'et
1014 2913 1114 2968 Koner.
1133 2912 1223 2966 Leben
1239 2913 1285 2966 der
1304 2911 1430 2966 θιιιολιιι

83 3002 142 3054 und
163 3003 279 3056 Reno*
297 3020 324 3070 p.
337 3001 394 3056 192.

172 3111 183 3140 ²
202 3105 247 3160 Sic
265 3123 282 3160 a
301 3106 514 3171 Broendstedio‚
541 3105 640 3160 Rciscu
661 3105 721 3158 ιιιιδ
743 3103 894 3158 Ueterem
918 3101 1111 3157 (ἔιδιολιιιιλοιιδ
1128 3102 1163 3154 ΙΙ.
1188 3119 1214 3170 p.
1227 3101 1286 3154 216.
1305 3130 1338 3138 -
1357 3099 1430 3153 Dato

83 3193 229 3247 occasione
247 3196 319 3258 utor,
337 3195 378 3259 ut,
396 3193 420 3247 si
437 3193 497 3246 fieri
516 3194 617 3261 potest,
641 3191 740 3245 eiciam
758 3208 773 3245 e
791 3189 989 3258 terminologio
1007 3187 1219 3256 arehceologioo
1237 3203 1317 3240 voees
1334 3186 1429 3239 horne·

83 3278 162 3343 tices,
181 3278 310 3348 inprimis
328 3280 464 3345 ,,πέπλος“
482 3279 561 3349 illud.
598 3277 700 3331 Atticis
719 3277 793 3331 enim
813 3307 845 3316 —-
865 3277 893 3330 et
905 3274 1017 3329 Atticae
1040 3273 1108 3327 artis
1126 3275 1308 3327 monumento
1326 3274 1429 3325 trecte-

14 3375 15 3390 ³
83 3383 145 3419 mus
163 3395 198 3402 -
216 3365 317 3424 πέπλος
335 3381 392 3420 non
410 3365 546 3421 usitatum
571 3367 613 3418 est
635 3364 690 3417 nisi
708 3363 738 3416 in
763 3379 888 3418 sermone
906 3362 980 3416 elato
1005 3359 1124 3430 (tragico
1143 3375 1166 3414 e.
1185 3360 1236 3428 gr.)
1261 3360 1290 3412 et
1312 3357 1429 3411 solemni

83 3451 134 3517 (sic
158 3451 303 3507 Minervae
321 3453 520 3508 vestimentum
538 3451 639 3511 πέπλος
661 3450 752 3504 vocari
772 3451 869 3518 solet);
896 3450 1042 3518 praeterea
1058 3447 1216 3515 Xenophon
1239 3443 1428 3512 Cyropoedice

14 3583 15 3586 ,
83 3539 154 3593 loeis
178 3538 331 3593 notissimis
353 3539 414 3608 (ΙΙΙ.
434 3541 458 3592 1.
472 3539 518 3602 12;
536 3539 561 3590 3.
574 3537 621 3600 67;
640 3538 673 3592 V.
693 3539 715 3590 1.
729 3538 759 3601 5,
785 3539 806 3589 1.
820 3537 847 3604 6)
871 3536 905 3590 de
928 3534 1108 3589 barbarorum
1126 3531 1250 3590 vestibus
1273 3546 1305 3583 eo
1330 3528 1427 3592 utitur,

83 3643 153 3693 quss
181 3625 286 3694 graecis
311 3624 423 3680 chitone
448 3626 477 3678 et
500 3622 619 3676 himetio
644 3622 790 3692 designare
820 3639 869 3676 suo
893 3621 954 3675 iure
977 3619 1098 3684 dubitat,
1123 3617 1229 3686 quippe
1251 3631 1322 3682 quae
1347 3630 1428 3668 voces

83 3712 174 3764 certas
193 3709 327 3778 quosdam
345 3708 466 3764 vestium
483 3708 586 3761 formos
605 3706 761 3776 designent.
790 3707 899 3774 (Neque
917 3705 1064 3774 quisquam
1083 3705 1195 3771 praeter
1213 3700 1330 3770 probum
1347 3699 1428 3752 illum

83 3796 226 3850 Pollucem
239 3795 311 3866 (VII.
323 3795 377 3861 50),
396 3793 588 3862 Xenophontis
606 3792 650 3846 sui
662 3793 812 3855 ornantem,
831 3789 972 3859 propriam
984 3787 1050 3842 inde
1063 3785 1219 3840 construxit
1236 3784 1289 3837 sibi
1302 3784 1427 3852 vestem.)

14 3945 15 3950 ἵ
83 3882 185 3940 πέπλος
203 3883 298 3936 autem
316 3880 351 3934 iis
369 3896 421 3934 nec
440 3879 580 3933 ehitcnem
599 3879 687 3934 solum
706 3893 797 3946 neque
815 3875 954 3928 himotion
972 3871 1158 3942 significabat,
1177 3869 1226 3923 sed
1243 3885 1325 3922 sensu
1343 3885 1427 3937 gene-

84 3967 137 4021 rali
157 3967 315 4021 adhibitum
332 3982 396 4020 mox
414 3965 504 4030 illum,
522 3981 586 4018 mox
604 3966 664 4018 hoc.
695 3964 803 4031 Itaque,
822 3961 845 4014 si
863 3960 976 4028 quidem
994 3957 1112 4011 nimium
1131 3953 1307 4024 amplecteris
1324 3954 1427 4005 πέπλον

83 4055 172 4118 tuum,
186 4051 310 4122 loqueris
322 4052 389 4106 licet
408 4051 442 4105 de
454 4052 555 4121 πέπλῳ,
575 4068 655 4119 quem
676 4049 826 4118 Sophocles
838 4043 1041 4108 Lateranensis,
1060 4059 1143 4110 quem
1155 4041 1297 4094 Minervae
1316 4041 1427 4092 statuae

14 4139 16 4156 ³
83 4139 119 4192 od
147 4137 290 4211 Πάρθενον
320 4136 437 4191 Phidiae
465 4136 639 4201 recedentes,
673 4151 755 4204 quem
786 4131 890 4186 Endoei
922 4131 1018 4184 statuo
1047 4145 1119 4196 quae
1145 4126 1311 4197 putabatur,
1344 4141 1428 4192 quem

83 4224 264 4294 Cephisodoti
289 4225 347 4278 Pax
373 4223 425 4290 dea
451 4222 539 4293 gerit:
569 4221 693 4276 omnium
716 4221 807 4273 vestes
836 4218 933 4270 πέπλοι
963 4213 1057 4268 vocari
1081 4213 1208 4283 possunt3
1235 4227 1306 4264 neve
1331 4211 1426 4262 tamen

84 4329 167 4382 egr.
202 4311 308 4366 Niobes
335 4312 458 4365 statuum
488 4309 615 4375 „chitone
641 4309 670 4361 et
692 4306 790 4376 peplo“
818 4303 949 4359 vestitum
977 4300 1060 4354 diens.
1105 4297 1245 4352 Nimirum
1274 4298 1303 4349 et
1329 4294 1425 4348 ohiton

103 4395 180 4452 elos
199 4399 249 4452 est.

83 4415 138 4468 pp
169 4501 276 4555 ²Editi
295 4501 361 4555 sunt
378 4498 408 4552 in
428 4496 455 4552 (λ
470 4497 493 4552 1.
507 4497 543 4551 A.
561 4497 596 4550 ΙΙ.
615 4498 696 4566 parte
714 4495 812 4549 ultera.
848 4490 1067 4560 Antiquissimus
1093 4488 1136 4541 est
1159 4486 1224 4551 642,
1249 4483 1424 4554 Olympiadis

14 4581 15 4654 J
83 4607 182 4660 nempe
194 4589 266 4644 chr
285 4588 316 4654 (s.
328 4587 372 4656 3),
390 4585 545 4654 sequuntur
563 4583 613 4638 652
626 4584 650 4636 A
667 4599 694 4636 r.
708 4583 740 4634 16
750 4599 790 4648 sq.
804 4579 857 4647 (Ol.
870 4580 911 4632 95.
924 4577 952 4644 3)
966 4599 998 4621 =
1013 4575 1073 4638 Ι611.
1087 4573 1134 4626 Gr.
1148 4573 1169 4625 Ι.
1183 4571 1241 4636 150,
1254 4571 1306 4624 660
1324 4589 1348 4624 v.
1359 4571 1423 4636 8sq.

83 4676 136 4743 (01.
149 4677 193 4730 97.
210 4677 251 4745 3),
273 4673 323 4728 667
342 4673 447 4739 v.8sq.
471 4670 525 4738 (Ol.
542 4670 584 4734 98,
600 4669 638 4735 4),
657 4668 708 4720 677
727 4667 751 4719 Α
770 4667 782 4719 Ι
801 4683 825 4719 v.
838 4667 873 4718 26
884 4681 925 4731 sq.
949 4663 1002 4730 (Ol.
1017 4662 1075 4715 103.
1086 4661 1128 4726 2),
1157 4657 1279 4725 denique
1301 4657 1423 4710 incertae

14 4749 15 4818 ἴ
85 4766 258 4836 olympiadis
275 4765 327 4818 ool
345 4781 370 4818 a.
389 4779 413 4815 v.
428 4761 494 4825 csq.
514 4760 542 4810 er
562 4757 619 4810 uo,

1249 4848 1266 4898 ο
