3086 5152
539 1490 685 1579 Plus
719 1487 960 1579 Aurana,

162 1913 406 2028 Quicunque
398 1966 431 2006 nr
463 1944 631 2008 historiam
662 1946 743 2008 vesi
734 1951 798 2008 itus
828 1945 967 2008 Attici
958 1945 1120 2028 roquirere
1145 1943 1249 2020 volet,
1281 1944 1312 2007 ei
1343 1965 1417 2028 pro-

85 2055 285 2120 ficiscendum
316 2056 379 2119 crit
402 2077 421 2118 a
450 2056 530 2120 locis
557 2055 684 2120 duobus
719 2057 815 2120 hac
807 2079 840 2119 ιιι
874 2078 908 2120 rc
932 2055 1093 2134 classicis,
1128 2053 1287 2117 Herodoti
1315 2055 1418 2119 altero

86 2165 265 2252 V87
203 2166 282 2252 sq
313 2167 417 2231 altero
449 2167 664 2252 Tucydidis(
664 2167 741 2253 Ι.6)
728 2167 922 2253 ),quorum
952 2167 1007 2230 ille
1036 2166 1077 2230 de
1101 2166 1267 2246 muliebri
1296 2167 1348 2230 hic
1376 2166 1417 2231 de

25 2307 27 2324 ·
85 2279 161 2344 virili
183 2281 304 2345 vestitu
326 2279 496 2344 immutato
520 2279 599 2364 agit.

162 2391 356 2455 Narratt
299 2396 356 2455 aut
358 2413 410 2455 em
426 2389 577 2455 Herodot
565 2395 617 2454 tus
633 2388 845 2454 mulieresAt
846 2390 1050 2454 heniensium
1067 2387 1230 2474 quondam
1243 2389 1417 2469 hominem,

24 2502 133 2586 pqui
153 2521 235 2566 unus
260 2523 303 2566 ex
326 2500 536 2587 expeditione
561 2506 674 2564 contra
696 2500 878 2585 Aeginetae
903 2506 1057 2586 suscepta
1081 2500 1252 2564 incolumis
1275 2500 1417 2582 redierit,

26 1719 29 1974 6

26 2021 102 2148 66

25 2175 27 2306 6

25 2325 27 2534 6

24 2559 26 2694 6
85 2631 155 2694 prae
190 2614 240 2676 ira
276 2612 385 2676 fibulis
421 2613 560 2676 uestium
590 2612 807 2678 interfecisse.
858 2611 1081 2676 Athenienses
1116 2615 1244 2692 autem,
1281 2614 1419 2698 scriptor

24 2711 25 2788 l
85 2724 192 2808 pergit,
216 2724 368 2788 dicuntur
390 2716 478 2810 ίίλλρι
500 2718 622 2810 μὲνδὴ
647 2716 706 2790 οὐκ
728 2719 811 2806 ἔχειν
834 2719 916 2810 ὅτεῳ
939 2716 1146 2810 ζημιώσωσιν
1168 2718 1228 2800 τὰς
1254 2726 1416 2808 γυναῖκας,

24 2817 25 2832 ³
85 2827 136 2922 τὴν
158 2833 194 2901 δὲ
215 2833 346 2924 ἐσθῆτα
368 2832 547 2920 μετέβαλον
560 2827 683 2902 αὐτέων
705 2833 738 2914 ές
759 2831 819 2924 τὴν
837 2829 942 2902 Ἰάδα·
967 2830 1101 2922 έφόρεον
1123 2831 1183 2921 γὰρ
1207 2830 1246 2923 δὴ
1271 2831 1336 2921 πρὸ
1359 2836 1418 2901 τοῦ

84 2942 116 3011 αἱ
136 2945 198 3011 τῶν
219 2940 407 3034 Ἀθηναίων
429 2949 577 3032 γυναῖκες
599 2944 728 3035 ἐσθῆτα
751 2943 900 3033 Δωρίδα,
924 2951 964 3035 τῇ
986 2943 1150 3034 Κορινθίῃ
1174 2947 1417 3034 παραπλησιω-

24 3087 25 3138 j
82 3051 188 3145 ιοίιην·
217 3054 438 3142 μετέβαλον
464 3046 514 3123 ὦν
539 3056 578 3136 ές
605 3053 674 3125 τὸν
701 3053 832 3124 λίνεον
858 3059 1027 3138 κιθῶνα,
1057 3059 1121 3122 ἵνα
1150 3053 1195 3146 δὴ
1225 3053 1417 3144 περόνῃσι

24 3189 25 3236 6
82 3164 128 3257 μὴ
151 3167 356 3256 χρέωνται,
377 3170 456 3256 (88).
488 3163 582 3236 ’Ἐστι
605 3168 641 3236 δέ
656 3163 878 3257 ἇληθέϊλόγω
899 3166 1101 3257 χρεομένοιοι
1125 3162 1184 3236 οὐκ
1203 3162 1268 3246 Ἰὰς
1290 3164 1371 3255 αὕτη
1394 3163 1414 3256 ἡ

83 3275 181 3369 έοδὴς
207 3274 246 3345 τὸ
274 3275 433 3361 νιαλαιόν,
465 3272 548 3345 ἀλλὰ
570 3275 713 3366 Κάειρα,
743 3278 818 3346 ένιεὶ
841 3275 863 3368 ἥ
885 3304 920 3367 γε
944 3274 1111 3368 Ἑλληνικὴ
1141 3275 1245 3369 ἐσθὴς
1273 3279 1368 3344 ντᾶσα
1396 3273 1416 3368 ἡ

83 3383 195 3477 ἀρχαίη
225 3391 290 3457 τῶν
312 3393 470 3478 γυναικῶν
499 3387 520 3481 ἡ
544 3385 625 3480 αὐτὴ
649 3382 697 3482 ἦν,
721 3389 780 3481 τὴν
806 3394 860 3459 νῦν
882 3388 1018 3480 Δωρίδα
1040 3389 1206 3477 καλέομεν.
1254 3392 1282 3456 Ε
1306 3393 1416 3458 verbis

83 3501 214 3582 notatis,
244 3501 277 3564 in
306 3501 422 3587 quibus
452 3503 552 3567 totius
580 3504 629 3568 rei
657 3525 816 3568 summam
845 3504 1003 3570 contineri
1032 3506 1129 3570 facile
1158 3505 1266 3585 vides,
1295 3503 1418 3589 duplex

83 3612 237 3699 quoddam
269 3613 427 3694 efficitur,
468 3633 585 3699 nempe
618 3613 780 3679 chilonem
813 3613 1023 3680 Hellenicum
1054 3615 1159 3694 illum,
1200 3615 1276 3678 olim
1309 3620 1342 3678 et
1376 3614 1417 3677 ab

83 3724 334 3790 Atheniensibus
366 3731 510 3810 gestum,
539 3727 670 3790 laneum
700 3726 802 3790 fuisse
827 3764 865 3773 -
890 3725 1131 3791 animadvertas
1155 3727 1242 3790 enirn
1265 3725 1418 3790 adiectivi

24 3849 25 3854 ’
82 3837 162 3901 iuter
195 3837 369 3901 articulum
408 3838 712 3923 substantivumque
748 3839 869 3902 locum:
910 3835 1089 3922 μετέβαλον
1127 3835 1161 3915 ές
1193 3832 1261 3903 τὸν
1289 3832 1418 3901 λίνεον

83 3949 233 4013 κιθῶνα
257 3955 354 4013 -et
381 3949 554 4014 fibularum
585 3971 645 4035 ope
676 3951 709 4013 in
733 3971 869 4035 corpore
900 3954 1089 4013 contentum
1113 3949 1225 4013 fuisse.
1270 3948 1418 4012 Priscum

84 4060 178 4144 igitur
201 4058 385 4123 Atticarum
409 4061 559 4125 vestitum
584 4062 814 4148 indagantibus
838 4061 931 4126 nobis
955 4061 1017 4125 hoc
1040 4060 1225 4124 testimonio
1250 4059 1417 4122 nitendum

85 4177 141 4251 est,
164 4171 250 4255 quod
281 4177 314 4235 et
344 4172 605 4256 antiquissimum
635 4180 686 4238 est
716 4179 748 4238 et
772 4173 852 4237 satis
876 4177 989 4259 aperte
1013 4172 1168 4256 loquitur,
1201 4171 1418 4235 recentiorum

85 4285 271 4369 scriptorum
292 4285 532 4349 narrationibus
554 4285 615 4349 hac
640 4285 680 4350 dc
697 4307 734 4349 re
754 4285 994 4371 praetermissis
1015 4321 1057 4331 —
1078 4282 1239 4363 Duridis,¹
1262 4281 1418 4359 ΑεΙίαιιί,2

86 4395 276 4460 scholiastae
298 4395 332 4458 in
357 4393 537 4458 Olcmeutis
561 4393 778 4459 Alexandrini
802 4393 1054 4479 Paedagogum³
1078 4429 1118 4439 «-
1142 4411 1183 4455 ne
1206 4392 1362 4477 locupleti
1386 4396 1418 4456 ct

166 4568 174 4598 ¹
193 4565 275 4634 Apud
294 4564 379 4619 schol.
397 4563 491 4632 Eurip.
510 4564 614 4618 Hecub.
633 4583 658 4619 v.
671 4565 731 4620 934.

166 4655 176 4684 ²
194 4651 228 4705 V.
242 4650 276 4704 H.
294 4651 315 4704 1.
335 4651 376 4703 18.

167 4738 177 4768 ³
195 4735 398 4802 larnano.
417 4755 443 4805 p.
454 4737 505 4790 238
524 4738 597 4792 Pott.
