<?xml version="1.0" encoding="UTF-8"?>
<!DOCTYPE html PUBLIC "-//W3C//DTD XHTML 1.0 Transitional//EN"
    "http://www.w3.org/TR/xhtml1/DTD/xhtml1-transitional.dtd">
<html xmlns="http://www.w3.org/1999/xhtml" xml:lang="en" lang="en">
 <head>
  <title>
</title>
<meta http-equiv="Content-Type" content="text/html;charset=utf-8" />
  <meta name='ocr-system' content='tesseract 3.04.00' />
  <meta name='ocr-capabilities' content='ocr_page ocr_carea ocr_par ocr_line ocrx_word'/>
</head>
<body>
  <div class='ocr_page' id='page_1' title='image "./quaestionumdere00boehgoog_0007.png"; bbox 0 0 3086 5152; ppageno 0'>
   <div class='ocr_carea' id='block_1_1' title="bbox 108 2035 1451 2920">
    <p class='ocr_par' dir='ltr' id='par_1_1' title="bbox 108 2035 1451 2920">
     <span class='ocr_line' id='line_1_1' title="bbox 196 2035 1450 2146; baseline -0.002 -18"><span class='ocrx_word' id='word_1_1' title='bbox 196 2035 369 2128; x_wconf 72' lang='lat' dir='ltr'>Aratrnm</span> <span class='ocrx_word' id='word_1_2' title='bbox 390 2083 515 2127; x_wconf 86' lang='lat' dir='ltr'>novans</span> <span class='ocrx_word' id='word_1_3' title='bbox 539 2059 728 2126; x_wconf 88' lang='lat' dir='ltr'>desiderare</span> <span class='ocrx_word' id='word_1_4' title='bbox 752 2079 822 2125; x_wconf 90' lang='lat' dir='ltr'>rem</span> <span class='ocrx_word' id='word_1_5' title='bbox 838 2060 1023 2124; x_wconf 77' lang='lat' dir='ltr'>vestiariam</span> <span class='ocrx_word' id='word_1_6' title='bbox 1040 2057 1252 2141; x_wconf 82' lang='lat' dir='ltr'>Graecorum,</span> <span class='ocrx_word' id='word_1_7' title='bbox 1277 2081 1361 2146; x_wconf 90' lang='lat' dir='ltr'>quae</span> <span class='ocrx_word' id='word_1_8' title='bbox 1378 2081 1450 2125; x_wconf 89' lang='lat' dir='ltr'>sae-</span> 
     </span>
     <span class='ocr_line' id='line_1_2' title="bbox 108 2190 1450 2279; baseline 0 -23"><span class='ocrx_word' id='word_1_9' title='bbox 108 2193 181 2279; x_wconf 89' lang='lat' dir='ltr'>pius</span> <span class='ocrx_word' id='word_1_10' title='bbox 203 2214 281 2258; x_wconf 88' lang='lat' dir='ltr'>sane</span> <span class='ocrx_word' id='word_1_11' title='bbox 305 2213 342 2257; x_wconf 92' lang='lat' dir='ltr'>ao</span> <span class='ocrx_word' id='word_1_12' title='bbox 366 2197 498 2257; x_wconf 87' lang='lat' dir='ltr'>strenue</span> <span class='ocrx_word' id='word_1_13' title='bbox 522 2190 665 2256; x_wconf 84' lang='lat' dir='ltr'>athoud</span> <span class='ocrx_word' id='word_1_14' title='bbox 689 2210 844 2276; x_wconf 83' lang='lat' dir='ltr'>prospere</span> <span class='ocrx_word' id='word_1_15' title='bbox 868 2197 979 2256; x_wconf 87' lang='lat' dir='ltr'>tamen</span> <span class='ocrx_word' id='word_1_16' title='bbox 1003 2190 1108 2254; x_wconf 90' lang='lat' dir='ltr'>adhuc</span> <span class='ocrx_word' id='word_1_17' title='bbox 1131 2196 1271 2256; x_wconf 91' lang='lat' dir='ltr'>tractata</span> <span class='ocrx_word' id='word_1_18' title='bbox 1295 2197 1354 2273; x_wconf 82' lang='lat' dir='ltr'>est,</span> <span class='ocrx_word' id='word_1_19' title='bbox 1379 2193 1450 2276; x_wconf 89' lang='lat' dir='ltr'>quis</span> 
     </span>
     <span class='ocr_line' id='line_1_3' title="bbox 110 2319 1451 2406; baseline -0.001 -21"><span class='ocrx_word' id='word_1_20' title='bbox 110 2327 163 2386; x_wconf 92' lang='lat' dir='ltr'>est</span> <span class='ocrx_word' id='word_1_21' title='bbox 186 2321 241 2406; x_wconf 92' lang='lat' dir='ltr'>qni</span> <span class='ocrx_word' id='word_1_22' title='bbox 264 2319 383 2406; x_wconf 76' lang='lat' dir='ltr'>neget?</span> <span class='ocrx_word' id='word_1_23' title='bbox 428 2319 634 2404; x_wconf 79' lang='lat' dir='ltr'><strong>Quamquam</strong></span> <span class='ocrx_word' id='word_1_24' title='bbox 657 2339 722 2383; x_wconf 92' lang='lat' dir='ltr'>non</span> <span class='ocrx_word' id='word_1_25' title='bbox 746 2319 838 2383; x_wconf 86' lang='lat' dir='ltr'>stetit</span> <span class='ocrx_word' id='word_1_26' title='bbox 861 2339 964 2403; x_wconf 88' lang='lat' dir='ltr'>penes</span> <span class='ocrx_word' id='word_1_27' title='bbox 988 2320 1075 2384; x_wconf 85' lang='lat' dir='ltr'>viros</span> <span class='ocrx_word' id='word_1_28' title='bbox 1098 2320 1174 2384; x_wconf 88' lang='lat' dir='ltr'>illos</span> <span class='ocrx_word' id='word_1_29' title='bbox 1198 2320 1329 2402; x_wconf 89' lang='lat' dir='ltr'>doctos,</span> <span class='ocrx_word' id='word_1_30' title='bbox 1354 2321 1409 2405; x_wconf 92' lang='lat' dir='ltr'>qui</span> <span class='ocrx_word' id='word_1_31' title='bbox 1432 2341 1451 2384; x_wconf 91' lang='lat' dir='ltr'>a</span> 
     </span>
     <span class='ocr_line' id='line_1_4' title="bbox 110 2445 1450 2532; baseline -0.001 -18"><span class='ocrx_word' id='word_1_32' title='bbox 110 2449 286 2531; x_wconf 83' lang='lat' dir='ltr'>Salmasio,</span> <span class='ocrx_word' id='word_1_33' title='bbox 310 2448 479 2529; x_wconf 82' lang='lat' dir='ltr'>Ferrari0,</span> <span class='ocrx_word' id='word_1_34' title='bbox 502 2447 655 2512; x_wconf 89' lang='lat' dir='ltr'>Rubenio</span> <span class='ocrx_word' id='word_1_35' title='bbox 682 2466 786 2532; x_wconf 85' lang='lat' dir='ltr'>usque</span> <span class='ocrx_word' id='word_1_36' title='bbox 815 2445 857 2510; x_wconf 90' lang='lat' dir='ltr'>ad</span> <span class='ocrx_word' id='word_1_37' title='bbox 879 2446 1110 2532; x_wconf 88' lang='lat' dir='ltr'>Boettigerum</span> <span class='ocrx_word' id='word_1_38' title='bbox 1134 2453 1166 2512; x_wconf 92' lang='lat' dir='ltr'>et</span> <span class='ocrx_word' id='word_1_39' title='bbox 1188 2448 1386 2513; x_wconf 84' lang='lat' dir='ltr'>Muellerum</span> <span class='ocrx_word' id='word_1_40' title='bbox 1409 2449 1450 2513; x_wconf 92' lang='lat' dir='ltr'>de</span> 
     </span>
     <span class='ocr_line' id='line_1_5' title="bbox 108 2575 1450 2665; baseline -0.002 -23"><span class='ocrx_word' id='word_1_41' title='bbox 108 2579 311 2642; x_wconf 87' lang='lat' dir='ltr'>vestimentis</span> <span class='ocrx_word' id='word_1_42' title='bbox 328 2577 528 2642; x_wconf 79' lang='lat' dir='ltr'>Graecorum</span> <span class='ocrx_word' id='word_1_43' title='bbox 552 2595 660 2661; x_wconf 86' lang='lat' dir='ltr'>egere,</span> <span class='ocrx_word' id='word_1_44' title='bbox 685 2575 763 2659; x_wconf 92' lang='lat' dir='ltr'>quin</span> <span class='ocrx_word' id='word_1_45' title='bbox 779 2595 896 2665; x_wconf 84' lang='lat' dir='ltr'>munus</span> <span class='ocrx_word' id='word_1_46' title='bbox 921 2580 1110 2660; x_wconf 90' lang='lat' dir='ltr'>susceptum</span> <span class='ocrx_word' id='word_1_47' title='bbox 1133 2576 1282 2640; x_wconf 91' lang='lat' dir='ltr'>omnibus</span> <span class='ocrx_word' id='word_1_48' title='bbox 1305 2577 1450 2640; x_wconf 87' lang='lat' dir='ltr'>numeris</span> 
     </span>
     <span class='ocr_line' id='line_1_6' title="bbox 109 2706 1450 2793; baseline 0.001 -23"><span class='ocrx_word' id='word_1_49' title='bbox 109 2713 326 2791; x_wconf 73' lang='lat' dir='ltr'>praestarent.</span> <span class='ocrx_word' id='word_1_50' title='bbox 355 2706 450 2780; x_wconf 73' lang='lat' dir='ltr'>Quid</span> <span class='ocrx_word' id='word_1_51' title='bbox 465 2709 567 2790; x_wconf 87' lang='lat' dir='ltr'>enim,</span> <span class='ocrx_word' id='word_1_52' title='bbox 590 2707 618 2771; x_wconf 91' lang='lat' dir='ltr'>is</span> <span class='ocrx_word' id='word_1_53' title='bbox 635 2709 690 2792; x_wconf 93' lang='lat' dir='ltr'>qni</span> <span class='ocrx_word' id='word_1_54' title='bbox 705 2708 912 2773; x_wconf 82' lang='lat' dir='ltr'>versantibus</span> <span class='ocrx_word' id='word_1_55' title='bbox 935 2708 968 2771; x_wconf 92' lang='lat' dir='ltr'>in</span> <span class='ocrx_word' id='word_1_56' title='bbox 990 2708 1082 2772; x_wconf 90' lang='lat' dir='ltr'>hisce</span> <span class='ocrx_word' id='word_1_57' title='bbox 1099 2709 1344 2793; x_wconf 84' lang='lat' dir='ltr'>quaestionibus</span> <span class='ocrx_word' id='word_1_58' title='bbox 1367 2729 1450 2772; x_wconf 88' lang='lat' dir='ltr'>unns</span> 
     </span>
     <span class='ocr_line' id='line_1_7' title="bbox 110 2834 1451 2920; baseline 0.004 -24"><span class='ocrx_word' id='word_1_59' title='bbox 110 2835 183 2899; x_wconf 90' lang='lat' dir='ltr'>fluit</span> <span class='ocrx_word' id='word_1_60' title='bbox 206 2841 239 2900; x_wconf 90' lang='lat' dir='ltr'>et</span> <span class='ocrx_word' id='word_1_61' title='bbox 255 2835 428 2900; x_wconf 90' lang='lat' dir='ltr'>continuus</span> <span class='ocrx_word' id='word_1_62' title='bbox 453 2840 486 2900; x_wconf 89' lang='lat' dir='ltr'>et</span> <span class='ocrx_word' id='word_1_63' title='bbox 507 2836 587 2900; x_wconf 90' lang='lat' dir='ltr'>satis</span> <span class='ocrx_word' id='word_1_64' title='bbox 611 2836 720 2920; x_wconf 90' lang='lat' dir='ltr'>largus</span> <span class='ocrx_word' id='word_1_65' title='bbox 742 2835 864 2919; x_wconf 90' lang='lat' dir='ltr'>ubique</span> <span class='ocrx_word' id='word_1_66' title='bbox 887 2840 920 2900; x_wconf 89' lang='lat' dir='ltr'>et</span> <span class='ocrx_word' id='word_1_67' title='bbox 936 2836 1014 2900; x_wconf 90' lang='lat' dir='ltr'>satis</span> <span class='ocrx_word' id='word_1_68' title='bbox 1029 2834 1184 2920; x_wconf 91' lang='lat' dir='ltr'>limpidus</span> <span class='ocrx_word' id='word_1_69' title='bbox 1201 2835 1284 2917; x_wconf 89' lang='lat' dir='ltr'>fons,</span> <span class='ocrx_word' id='word_1_70' title='bbox 1308 2837 1371 2900; x_wconf 90' lang='lat' dir='ltr'>illis</span> <span class='ocrx_word' id='word_1_71' title='bbox 1395 2842 1451 2901; x_wconf 89' lang='lat' dir='ltr'>ant</span> 
     </span>
    </p>
   </div>
   <div class='ocr_carea' id='block_1_2' title="bbox 110 2945 1448 3051">
    <p class='ocr_par' dir='ltr' id='par_1_2' title="bbox 110 2945 1448 3051">
     <span class='ocr_line' id='line_1_8' title="bbox 110 2945 1448 3051; baseline 0 -23"><span class='ocrx_word' id='word_1_72' title='bbox 110 2965 240 3030; x_wconf 89' lang='lat' dir='ltr'>omnino</span> <span class='ocrx_word' id='word_1_73' title='bbox 263 2986 327 3029; x_wconf 91' lang='lat' dir='ltr'>non</span> <span class='ocrx_word' id='word_1_74' title='bbox 344 2970 477 3051; x_wconf 87' lang='lat' dir='ltr'>apertus</span> <span class='ocrx_word' id='word_1_75' title='bbox 501 2969 572 3028; x_wconf 87' lang='lat' dir='ltr'>erat</span> <span class='ocrx_word' id='word_1_76' title='bbox 595 2969 651 3028; x_wconf 91' lang='lat' dir='ltr'>aut</span> <span class='ocrx_word' id='word_1_77' title='bbox 674 2945 805 3050; x_wconf 75' lang='lat' dir='ltr'>parcam</span> <span class='ocrx_word' id='word_1_78' title='bbox 821 2969 947 3028; x_wconf 90' lang='lat' dir='ltr'>tantum</span> <span class='ocrx_word' id='word_1_79' title='bbox 972 2971 1005 3029; x_wconf 91' lang='lat' dir='ltr'>et</span> <span class='ocrx_word' id='word_1_80' title='bbox 1024 2963 1187 3028; x_wconf 84' lang='lat' dir='ltr'>turbidam</span> <span class='ocrx_word' id='word_1_81' title='bbox 1203 2985 1320 3048; x_wconf 90' lang='lat' dir='ltr'>aquam</span> <span class='ocrx_word' id='word_1_82' title='bbox 1343 2965 1448 3029; x_wconf 90' lang='lat' dir='ltr'>misit:</span> 
     </span>
    </p>
   </div>
   <div class='ocr_carea' id='block_1_3' title="bbox 109 3077 1448 3180">
    <p class='ocr_par' dir='ltr' id='par_1_3' title="bbox 109 3077 1448 3180">
     <span class='ocr_line' id='line_1_9' title="bbox 109 3077 1448 3180; baseline 0.001 -24"><span class='ocrx_word' id='word_1_83' title='bbox 109 3113 228 3179; x_wconf 87' lang='lat' dir='ltr'>nempe</span> <span class='ocrx_word' id='word_1_84' title='bbox 243 3114 358 3158; x_wconf 85' lang='lat' dir='ltr'>vasum</span> <span class='ocrx_word' id='word_1_85' title='bbox 379 3093 527 3158; x_wconf 88' lang='lat' dir='ltr'>fictilium</span> <span class='ocrx_word' id='word_1_86' title='bbox 544 3094 728 3158; x_wconf 88' lang='lat' dir='ltr'>Atticorum</span> <span class='ocrx_word' id='word_1_87' title='bbox 744 3095 860 3179; x_wconf 89' lang='lat' dir='ltr'>ingens</span> <span class='ocrx_word' id='word_1_88' title='bbox 884 3094 987 3180; x_wconf 90' lang='lat' dir='ltr'>copia,</span> <span class='ocrx_word' id='word_1_89' title='bbox 1011 3113 1094 3178; x_wconf 91' lang='lat' dir='ltr'>quae</span> <span class='ocrx_word' id='word_1_90' title='bbox 1112 3111 1178 3156; x_wconf 91' lang='lat' dir='ltr'>nna</span> <span class='ocrx_word' id='word_1_91' title='bbox 1202 3093 1287 3156; x_wconf 87' lang='lat' dir='ltr'>serie</span> <span class='ocrx_word' id='word_1_92' title='bbox 1311 3077 1448 3157; x_wconf 71' lang='lat' dir='ltr'>a&#39;sexto</span> 
     </span>
    </p>
   </div>
   <div class='ocr_carea' id='block_1_4' title="bbox 85 3219 1450 4720">
    <p class='ocr_par' dir='ltr' id='par_1_4' title="bbox 85 3219 1450 4210">
     <span class='ocr_line' id='line_1_10' title="bbox 109 3219 1449 3308; baseline -0.002 -23"><span class='ocrx_word' id='word_1_93' title='bbox 109 3243 138 3285; x_wconf 92' lang='lat' dir='ltr'>a.</span> <span class='ocrx_word' id='word_1_94' title='bbox 157 3221 193 3288; x_wconf 84' lang='lat' dir='ltr'>O.</span> <span class='ocrx_word' id='word_1_95' title='bbox 210 3244 242 3288; x_wconf 92' lang='lat' dir='ltr'>n.</span> <span class='ocrx_word' id='word_1_96' title='bbox 268 3223 401 3288; x_wconf 88' lang='lat' dir='ltr'>saeculo</span> <span class='ocrx_word' id='word_1_97' title='bbox 425 3228 566 3288; x_wconf 86' lang='lat' dir='ltr'>exeunte</span> <span class='ocrx_word' id='word_1_98' title='bbox 589 3243 694 3307; x_wconf 91' lang='lat' dir='ltr'>nsque</span> <span class='ocrx_word' id='word_1_99' title='bbox 718 3222 759 3286; x_wconf 94' lang='lat' dir='ltr'>ad</span> <span class='ocrx_word' id='word_1_100' title='bbox 782 3223 889 3308; x_wconf 90' lang='lat' dir='ltr'>quarti</span> <span class='ocrx_word' id='word_1_101' title='bbox 912 3223 1009 3287; x_wconf 92' lang='lat' dir='ltr'>finem</span> <span class='ocrx_word' id='word_1_102' title='bbox 1034 3221 1219 3286; x_wconf 91' lang='lat' dir='ltr'>decurrunt.</span> <span class='ocrx_word' id='word_1_103' title='bbox 1253 3219 1379 3292; x_wconf 80' lang='lat' dir='ltr'>Quibus</span> <span class='ocrx_word' id='word_1_104' title='bbox 1396 3222 1449 3305; x_wconf 93' lang='lat' dir='ltr'>qui</span> 
     </span>
     <span class='ocr_line' id='line_1_11' title="bbox 110 3349 1450 3435; baseline 0.001 -23"><span class='ocrx_word' id='word_1_105' title='bbox 110 3349 276 3431; x_wconf 87' lang='lat' dir='ltr'>carebant,</span> <span class='ocrx_word' id='word_1_106' title='bbox 304 3371 438 3435; x_wconf 91' lang='lat' dir='ltr'>prorsus</span> <span class='ocrx_word' id='word_1_107' title='bbox 466 3350 633 3414; x_wconf 85' lang='lat' dir='ltr'>abstinere</span> <span class='ocrx_word' id='word_1_108' title='bbox 663 3350 767 3414; x_wconf 88' lang='lat' dir='ltr'>coacti</span> <span class='ocrx_word' id='word_1_109' title='bbox 791 3355 884 3414; x_wconf 87' lang='lat' dir='ltr'>erant</span> <span class='ocrx_word' id='word_1_110' title='bbox 911 3371 950 3414; x_wconf 87' lang='lat' dir='ltr'>ea</span> <span class='ocrx_word' id='word_1_111' title='bbox 978 3349 1184 3434; x_wconf 88' lang='lat' dir='ltr'>quaestione,</span> <span class='ocrx_word' id='word_1_112' title='bbox 1212 3368 1294 3433; x_wconf 90' lang='lat' dir='ltr'>quae</span> <span class='ocrx_word' id='word_1_113' title='bbox 1322 3355 1357 3414; x_wconf 90' lang='lat' dir='ltr'>et</span> <span class='ocrx_word' id='word_1_114' title='bbox 1383 3371 1450 3414; x_wconf 90' lang='lat' dir='ltr'>una</span> 
     </span>
     <span class='ocr_line' id='line_1_12' title="bbox 107 3477 1448 3564; baseline 0.002 -24"><span class='ocrx_word' id='word_1_115' title='bbox 107 3477 207 3542; x_wconf 88' lang='lat' dir='ltr'>latius</span> <span class='ocrx_word' id='word_1_116' title='bbox 223 3483 323 3563; x_wconf 86' lang='lat' dir='ltr'>patet,</span> <span class='ocrx_word' id='word_1_117' title='bbox 348 3479 437 3544; x_wconf 88' lang='lat' dir='ltr'>etde</span> <span class='ocrx_word' id='word_1_118' title='bbox 454 3500 517 3564; x_wconf 90' lang='lat' dir='ltr'>qua</span> <span class='ocrx_word' id='word_1_119' title='bbox 531 3479 612 3543; x_wconf 93' lang='lat' dir='ltr'>mire</span> <span class='ocrx_word' id='word_1_120' title='bbox 631 3500 728 3563; x_wconf 91' lang='lat' dir='ltr'>quam</span> <span class='ocrx_word' id='word_1_121' title='bbox 743 3479 846 3543; x_wconf 88' lang='lat' dir='ltr'>multa</span> <span class='ocrx_word' id='word_1_122' title='bbox 860 3478 1016 3563; x_wconf 89' lang='lat' dir='ltr'>pendent,</span> <span class='ocrx_word' id='word_1_123' title='bbox 1037 3478 1109 3543; x_wconf 90' lang='lat' dir='ltr'>dico</span> <span class='ocrx_word' id='word_1_124' title='bbox 1125 3478 1294 3542; x_wconf 90' lang='lat' dir='ltr'>historiam</span> <span class='ocrx_word' id='word_1_125' title='bbox 1310 3480 1448 3544; x_wconf 88' lang='lat' dir='ltr'>vestitus</span> 
     </span>
     <span class='ocr_line' id='line_1_13' title="bbox 110 3607 1447 3692; baseline 0 -22"><span class='ocrx_word' id='word_1_126' title='bbox 110 3607 370 3672; x_wconf 88' lang='lat' dir='ltr'>examinandam.</span> <span class='ocrx_word' id='word_1_127' title='bbox 415 3607 500 3672; x_wconf 87' lang='lat' dir='ltr'>Nam</span> <span class='ocrx_word' id='word_1_128' title='bbox 529 3629 568 3672; x_wconf 92' lang='lat' dir='ltr'>ea</span> <span class='ocrx_word' id='word_1_129' title='bbox 597 3628 679 3691; x_wconf 87' lang='lat' dir='ltr'>quae</span> <span class='ocrx_word' id='word_1_130' title='bbox 708 3608 741 3670; x_wconf 92' lang='lat' dir='ltr'>in</span> <span class='ocrx_word' id='word_1_131' title='bbox 770 3607 957 3671; x_wconf 87' lang='lat' dir='ltr'>enchiridiis</span> <span class='ocrx_word' id='word_1_132' title='bbox 980 3608 1101 3672; x_wconf 89' lang='lat' dir='ltr'>nostris</span> <span class='ocrx_word' id='word_1_133' title='bbox 1124 3612 1322 3688; x_wconf 79' lang='lat' dir='ltr'>tractantur,</span> <span class='ocrx_word' id='word_1_134' title='bbox 1351 3629 1447 3692; x_wconf 91' lang='lat' dir='ltr'>quem</span> 
     </span>
     <span class='ocr_line' id='line_1_14' title="bbox 108 3735 1446 3823; baseline 0.001 -25"><span class='ocrx_word' id='word_1_135' title='bbox 108 3735 217 3801; x_wconf 91' lang='lat' dir='ltr'>hercle</span> <span class='ocrx_word' id='word_1_136' title='bbox 249 3737 362 3802; x_wconf 84' lang='lat' dir='ltr'>iuvant</span> <span class='ocrx_word' id='word_1_137' title='bbox 393 3743 526 3823; x_wconf 88' lang='lat' dir='ltr'>praeter</span> <span class='ocrx_word' id='word_1_138' title='bbox 561 3737 762 3821; x_wconf 88' lang='lat' dir='ltr'>antiquitatis</span> <span class='ocrx_word' id='word_1_139' title='bbox 793 3735 975 3800; x_wconf 84' lang='lat' dir='ltr'>studiosos?</span> <span class='ocrx_word' id='word_1_140' title='bbox 1026 3735 1072 3800; x_wconf 81' lang='lat' dir='ltr'>At</span> <span class='ocrx_word' id='word_1_141' title='bbox 1104 3737 1166 3800; x_wconf 91' lang='lat' dir='ltr'>hoo</span> <span class='ocrx_word' id='word_1_142' title='bbox 1199 3737 1335 3801; x_wconf 89' lang='lat' dir='ltr'>interest</span> <span class='ocrx_word' id='word_1_143' title='bbox 1368 3738 1446 3800; x_wconf 88' lang='lat' dir='ltr'>artis</span> 
     </span>
     <span class='ocr_line' id='line_1_15' title="bbox 107 3863 1445 3949; baseline 0.001 -23"><span class='ocrx_word' id='word_1_144' title='bbox 107 3863 375 3949; x_wconf 85' lang='lat' dir='ltr'>intelligentium,</span> <span class='ocrx_word' id='word_1_145' title='bbox 414 3865 550 3930; x_wconf 89' lang='lat' dir='ltr'>interest</span> <span class='ocrx_word' id='word_1_146' title='bbox 586 3865 830 3944; x_wconf 88' lang='lat' dir='ltr'>historicorum,</span> <span class='ocrx_word' id='word_1_147' title='bbox 869 3865 1006 3928; x_wconf 85' lang='lat' dir='ltr'>interest</span> <span class='ocrx_word' id='word_1_148' title='bbox 1046 3864 1258 3928; x_wconf 90' lang='lat' dir='ltr'>eruditiorum</span> <span class='ocrx_word' id='word_1_149' title='bbox 1292 3865 1445 3946; x_wconf 90' lang='lat' dir='ltr'>omnium,</span> 
     </span>
     <span class='ocr_line' id='line_1_16' title="bbox 85 3977 1445 4078; baseline 0.001 -24"><span class='ocrx_word' id='word_1_150' title='bbox 85 3977 92 3986; x_wconf 53' lang='lat'>ยน</span> <span class='ocrx_word' id='word_1_151' title='bbox 108 3989 255 4056; x_wconf 82' lang='lat' dir='ltr'>diversas</span> <span class='ocrx_word' id='word_1_152' title='bbox 276 4012 394 4078; x_wconf 87' lang='lat' dir='ltr'>nempe</span> <span class='ocrx_word' id='word_1_153' title='bbox 410 3992 443 4056; x_wconf 93' lang='lat' dir='ltr'>in</span> <span class='ocrx_word' id='word_1_154' title='bbox 459 3992 595 4076; x_wconf 90' lang='lat' dir='ltr'>singulis</span> <span class='ocrx_word' id='word_1_155' title='bbox 612 3991 775 4056; x_wconf 89' lang='lat' dir='ltr'>aetatibus</span> <span class='ocrx_word' id='word_1_156' title='bbox 791 3993 929 4056; x_wconf 83' lang='lat' dir='ltr'>vestitus</span> <span class='ocrx_word' id='word_1_157' title='bbox 946 3992 1089 4056; x_wconf 90' lang='lat' dir='ltr'>rationes</span> <span class='ocrx_word' id='word_1_158' title='bbox 1106 4009 1314 4076; x_wconf 78' lang='lat' dir='ltr'>cognoscere,</span> <span class='ocrx_word' id='word_1_159' title='bbox 1337 3992 1445 4056; x_wconf 84' lang='lat' dir='ltr'>videre</span> 
     </span>
     <span class='ocr_line' id='line_1_17' title="bbox 108 4119 1122 4210; baseline 0 -27"><span class='ocrx_word' id='word_1_160' title='bbox 108 4141 172 4205; x_wconf 93' lang='lat' dir='ltr'>qno</span> <span class='ocrx_word' id='word_1_161' title='bbox 195 4120 274 4185; x_wconf 89' lang='lat' dir='ltr'>fiant</span> <span class='ocrx_word' id='word_1_162' title='bbox 295 4120 392 4185; x_wconf 92' lang='lat' dir='ltr'>modo</span> <span class='ocrx_word' id='word_1_163' title='bbox 415 4120 629 4202; x_wconf 87' lang='lat' dir='ltr'>mutationes,</span> <span class='ocrx_word' id='word_1_164' title='bbox 654 4142 771 4185; x_wconf 91' lang='lat' dir='ltr'>causas</span> <span class='ocrx_word' id='word_1_165' title='bbox 795 4140 906 4210; x_wconf 89' lang='lat' dir='ltr'>earum</span> <span class='ocrx_word' id='word_1_166' title='bbox 930 4119 1122 4202; x_wconf 88' lang='lat' dir='ltr'>intelligere.</span> 
     </span>
    </p>

    <p class='ocr_par' dir='ltr' id='par_1_5' title="bbox 105 4233 1445 4720">
     <span class='ocr_line' id='line_1_18' title="bbox 194 4233 1445 4334; baseline 0 -22"><span class='ocrx_word' id='word_1_167' title='bbox 194 4247 244 4313; x_wconf 85' lang='lat' dir='ltr'>Ac</span> <span class='ocrx_word' id='word_1_168' title='bbox 272 4249 444 4334; x_wconf 83' lang='lat' dir='ltr'>neglectae</span> <span class='ocrx_word' id='word_1_169' title='bbox 474 4249 671 4313; x_wconf 87' lang='lat' dir='ltr'>mutationes</span> <span class='ocrx_word' id='word_1_170' title='bbox 703 4249 841 4313; x_wconf 86' lang='lat' dir='ltr'>vestitus</span> <span class='ocrx_word' id='word_1_171' title='bbox 877 4269 1028 4333; x_wconf 89' lang='lat' dir='ltr'>magnam</span> <span class='ocrx_word' id='word_1_172' title='bbox 1059 4233 1196 4334; x_wconf 31' lang='lat' dir='ltr'>partem*</span> <span class='ocrx_word' id='word_1_173' title='bbox 1216 4247 1285 4310; x_wconf 87' lang='lat' dir='ltr'>eius</span> <span class='ocrx_word' id='word_1_174' title='bbox 1312 4268 1445 4332; x_wconf 87' lang='lat' dir='ltr'>operae,</span> 
     </span>
     <span class='ocr_line' id='line_1_19' title="bbox 106 4376 1444 4463; baseline -0.002 -20"><span class='ocrx_word' id='word_1_175' title='bbox 106 4398 204 4463; x_wconf 89' lang='lat' dir='ltr'>quam</span> <span class='ocrx_word' id='word_1_176' title='bbox 220 4377 281 4442; x_wconf 88' lang='lat' dir='ltr'>viri</span> <span class='ocrx_word' id='word_1_177' title='bbox 298 4376 386 4443; x_wconf 93' lang='lat' dir='ltr'>docti</span> <span class='ocrx_word' id='word_1_178' title='bbox 401 4378 434 4441; x_wconf 92' lang='lat' dir='ltr'>in</span> <span class='ocrx_word' id='word_1_179' title='bbox 450 4399 485 4443; x_wconf 90' lang='lat' dir='ltr'>re</span> <span class='ocrx_word' id='word_1_180' title='bbox 498 4378 653 4442; x_wconf 85' lang='lat' dir='ltr'>vestiaria</span> <span class='ocrx_word' id='word_1_181' title='bbox 669 4378 865 4442; x_wconf 88' lang='lat' dir='ltr'>illustranda</span> <span class='ocrx_word' id='word_1_182' title='bbox 882 4378 1133 4457; x_wconf 90' lang='lat' dir='ltr'>collocaverunt,</span> <span class='ocrx_word' id='word_1_183' title='bbox 1148 4377 1271 4440; x_wconf 89' lang='lat' dir='ltr'>irritam</span> <span class='ocrx_word' id='word_1_184' title='bbox 1287 4376 1444 4441; x_wconf 85' lang='lat' dir='ltr'>fecerunt.</span> 
     </span>
     <span class='ocr_line' id='line_1_20' title="bbox 105 4504 1444 4591; baseline -0.003 -21"><span class='ocrx_word' id='word_1_185' title='bbox 105 4506 190 4570; x_wconf 87' lang='lat' dir='ltr'>Nam</span> <span class='ocrx_word' id='word_1_186' title='bbox 219 4505 333 4570; x_wconf 87' lang='lat' dir='ltr'>inutile</span> <span class='ocrx_word' id='word_1_187' title='bbox 362 4511 413 4570; x_wconf 93' lang='lat' dir='ltr'>est</span> <span class='ocrx_word' id='word_1_188' title='bbox 446 4527 553 4590; x_wconf 92' lang='lat' dir='ltr'>neque</span> <span class='ocrx_word' id='word_1_189' title='bbox 589 4506 762 4591; x_wconf 92' lang='lat' dir='ltr'>quicquam</span> <span class='ocrx_word' id='word_1_190' title='bbox 791 4507 878 4572; x_wconf 88' lang='lat' dir='ltr'>valet</span> <span class='ocrx_word' id='word_1_191' title='bbox 914 4504 1081 4570; x_wconf 90' lang='lat' dir='ltr'>delineare</span> <span class='ocrx_word' id='word_1_192' title='bbox 1100 4512 1225 4591; x_wconf 85' lang='lat' dir='ltr'>typum</span> <span class='ocrx_word' id='word_1_193' title='bbox 1256 4505 1444 4589; x_wconf 87' lang='lat' dir='ltr'>generalem</span> 
     </span>
     <span class='ocr_line' id='line_1_21' title="bbox 105 4632 1444 4720; baseline -0.004 -21"><span class='ocrx_word' id='word_1_194' title='bbox 105 4635 244 4699; x_wconf 79' lang='lat' dir='ltr'>&#39;vestitus</span> <span class='ocrx_word' id='word_1_195' title='bbox 274 4634 316 4698; x_wconf 90' lang='lat' dir='ltr'>ab</span> <span class='ocrx_word' id='word_1_196' title='bbox 339 4633 477 4699; x_wconf 91' lang='lat' dir='ltr'>Homeri</span> <span class='ocrx_word' id='word_1_197' title='bbox 506 4640 614 4700; x_wconf 89' lang='lat' dir='ltr'>aetate</span> <span class='ocrx_word' id='word_1_198' title='bbox 643 4635 683 4699; x_wconf 91' lang='lat' dir='ltr'>ad</span> <span class='ocrx_word' id='word_1_199' title='bbox 707 4635 1011 4720; x_wconf 85' lang='lat' dir='ltr'>lexicographornm</span> <span class='ocrx_word' id='word_1_200' title='bbox 1040 4655 1157 4718; x_wconf 86' lang='lat' dir='ltr'>usque,</span> <span class='ocrx_word' id='word_1_201' title='bbox 1190 4633 1217 4697; x_wconf 89' lang='lat' dir='ltr'>si</span> <span class='ocrx_word' id='word_1_202' title='bbox 1248 4632 1297 4696; x_wconf 89' lang='lat' dir='ltr'>dis</span> <span class='ocrx_word' id='word_1_203' title='bbox 1326 4634 1444 4717; x_wconf 91' lang='lat' dir='ltr'>placet,</span> 
     </span>
    </p>
   </div>
   <div class='ocr_carea' id='block_1_5' title="bbox 105 4761 1443 4934">
    <p class='ocr_par' dir='ltr' id='par_1_6' title="bbox 105 4761 1443 4934">
     <span class='ocr_line' id='line_1_22' title="bbox 105 4761 1443 4850; baseline -0.003 -24"><span class='ocrx_word' id='word_1_204' title='bbox 105 4769 254 4850; x_wconf 86' lang='lat' dir='ltr'>tempora</span> <span class='ocrx_word' id='word_1_205' title='bbox 277 4763 447 4830; x_wconf 78' lang='lat' dir='ltr'>aGraecis</span> <span class='ocrx_word' id='word_1_206' title='bbox 473 4765 603 4847; x_wconf 91' lang='lat' dir='ltr'>gestati,</span> <span class='ocrx_word' id='word_1_207' title='bbox 629 4784 701 4826; x_wconf 90' lang='lat' dir='ltr'>cum</span> <span class='ocrx_word' id='word_1_208' title='bbox 722 4763 787 4826; x_wconf 92' lang='lat' dir='ltr'>iam</span> <span class='ocrx_word' id='word_1_209' title='bbox 810 4769 885 4826; x_wconf 87' lang='lat' dir='ltr'>ante</span> <span class='ocrx_word' id='word_1_210' title='bbox 909 4763 1011 4848; x_wconf 89' lang='lat' dir='ltr'>quinti</span> <span class='ocrx_word' id='word_1_211' title='bbox 1035 4763 1155 4827; x_wconf 89' lang='lat' dir='ltr'>saeculi</span> <span class='ocrx_word' id='word_1_212' title='bbox 1170 4761 1267 4826; x_wconf 90' lang='lat' dir='ltr'>finem</span> <span class='ocrx_word' id='word_1_213' title='bbox 1291 4768 1341 4824; x_wconf 88' lang='lat' dir='ltr'>ter</span> <span class='ocrx_word' id='word_1_214' title='bbox 1364 4780 1443 4844; x_wconf 90' lang='lat' dir='ltr'>qna-</span> 
     </span>
     <span class='ocr_line' id='line_1_23' title="bbox 1274 4881 1288 4934; baseline 0 0"><span class='ocrx_word' id='word_1_215' title='bbox 1274 4881 1288 4934; x_wconf 92' lang='grc'><strong>1</strong></span> 
     </span>
    </p>
   </div>
   <div class='ocr_carea' id='block_1_6' title="bbox 0 0 1548 5152">
    <p class='ocr_par' dir='ltr' id='par_1_7' title="bbox 0 0 1548 5152">
     <span class='ocr_line' id='line_1_24' title="bbox 0 0 1548 5152; baseline 0 2"><span class='ocrx_word' id='word_1_216' title='bbox 0 0 1548 5152; x_wconf 95' lang='lat' dir='ltr'> </span> 
     </span>
    </p>
   </div>
  </div>
 </body>
</html>
